{"context": "[目标公司画像]\n目标ID: 0025F0-E\n公司名: Mercedes-Benz Group AG\n国家: DE\nSIC: N/A\n行业: Commercial Transportation Equipment\n业务段: Industrial and Materials, Finance\n决策年: 2016\n\n[候选供应商画像]\n供应商ID: 05JQ88-E\n名称: Minato Holdings, Inc.\n国家: JP\nSIC: N/A\n行业: Electronics Manufacturing Equipment\n业务段: ['Industrial and Materials', 'Technology', 'Business and Public Services']\n单一来源: False\n财务指标: FF_SALES=2125.576, FF_NET_MGN=1.84542919189904, FF_DEBT_EQ=144.656068802625, FF_ROIC=-3.38438614456861, FF_CURR_RATIO=1.59271009969092, 货币=JPY, 财报日期=2016-12-31 00:00:00\n关系信息: revenue_percent=N/A, relationship_start=N/A, source=N/A, source_label=random_noise", "question": "基于上述目标公司画像和供应商画像，判断在决策年是否应选择该供应商。请只回答 [[1]] 表示选择 或 [[0]] 表示不选择。", "answer": "0", "target_entity_id": "0025F0-E", "supplier_entity_id": "05JQ88-E", "year": "2016", "target_info": {"target_entity_id": "0025F0-E", "entity_proper_name": "Mercedes-Benz Group AG", "iso_country": "DE", "primary_sic_name": "", "company_id": 19337, "industry": "Commercial Transportation Equipment", "top_segments": ["Industrial and Materials", "Finance"], "cutoff_date": "2016-12-31", "decision_year": 2016, "self_profile": {"factset_entity_id": "0025F0-E", "company_id": 19337, "entity_proper_name": "Mercedes-Benz Group AG", "iso_country": "DE", "primary_sic_name": "", "cutoff_date": "2016-12-31", "industry": "Commercial Transportation Equipment", "top_segments": ["Industrial and Materials", "Finance"]}, "metadata": {"extraction_date": "2025-10-02 17:28:10", "total_suppliers": 843, "historical_suppliers": 319, "future_new_suppliers": 205, "random_noise_suppliers": 319, "positive_samples": 430, "negative_samples": 413}}, "supplier_raw": {"factset_entity_id": "05JQ88-E", "entity_proper_name": "Minato Holdings, Inc.", "iso_country": "JP", "primary_sic_name": "", "company_id": "22441990.0", "industry": "Electronics Manufacturing Equipment", "top_segments": "['Industrial and Materials', 'Technology', 'Business and Public Services']", "is_single_source": "False", "FF_SALES": "2125.576", "FF_NET_MGN": "1.84542919189904", "FF_DEBT_EQ": "144.656068802625", "FF_ROIC": "-3.38438614456861", "FF_CURR_RATIO": "1.59271009969092", "CURRENCY": "JPY", "financial_date": "2016-12-31 00:00:00", "revenue_percent": "", "relationship_start": "", "relationship_source": "", "source_label": "random_noise", "ground_truth_label": "0"}, "source_label": "random_noise", "relationship_source": "", "revenue_percent": "", "is_single_source": "False", "industry": "Electronics Manufacturing Equipment", "top_segments": "['Industrial and Materials', 'Technology', 'Business and Public Services']"}
{"context": "[目标公司画像]\n目标ID: 000C7F-E\n公司名: Apple, Inc.\n国家: US\nSIC: N/A\n行业: Computer Hardware\n业务段: Technology, Consumer\n决策年: 2017\n\n[候选供应商画像]\n供应商ID: 05Z75B-E\n名称: KLab, Inc.\n国家: JP\nSIC: N/A\n行业: Technology\n业务段: ['Business and Public Services', 'Technology']\n单一来源: False\n财务指标: FF_SALES=75.6416245502604, FF_NET_MGN=6.32066195992902, FF_DEBT_EQ=0.0680509122346913, FF_ROIC=29.4334525672993, FF_CURR_RATIO=1.95011265514933, 货币=USD, 财报日期=2017-12-31 00:00:00\n关系信息: revenue_percent=47.8, relationship_start=2017-05-05 00:00:00, source=factset_revere_relationship, source_label=historical", "question": "基于上述目标公司画像和供应商画像，判断在决策年是否应选择该供应商。请只回答 [[1]] 表示选择 或 [[0]] 表示不选择。", "answer": "1", "target_entity_id": "000C7F-E", "supplier_entity_id": "05Z75B-E", "year": "2017", "target_info": {"target_entity_id": "000C7F-E", "entity_proper_name": "Apple, Inc.", "iso_country": "US", "primary_sic_name": "", "company_id": 777, "industry": "Computer Hardware", "top_segments": ["Technology", "Consumer"], "cutoff_date": "2017-12-31", "decision_year": 2017, "self_profile": {"factset_entity_id": "000C7F-E", "company_id": 777, "entity_proper_name": "Apple, Inc.", "iso_country": "US", "primary_sic_name": "", "cutoff_date": "2017-12-31", "industry": "Computer Hardware", "top_segments": ["Technology", "Consumer"]}, "metadata": {"extraction_date": "2025-10-02 04:15:54", "total_suppliers": 532, "historical_suppliers": 201, "future_new_suppliers": 130, "random_noise_suppliers": 201, "positive_samples": 257, "negative_samples": 275}}, "supplier_raw": {"factset_entity_id": "05Z75B-E", "entity_proper_name": "KLab, Inc.", "iso_country": "JP", "primary_sic_name": "", "company_id": "194528822.0", "industry": "Technology", "top_segments": "['Business and Public Services', 'Technology']", "is_single_source": "False", "FF_SALES": "75.6416245502604", "FF_NET_MGN": "6.32066195992902", "FF_DEBT_EQ": "0.0680509122346913", "FF_ROIC": "29.4334525672993", "FF_CURR_RATIO": "1.95011265514933", "CURRENCY": "USD", "financial_date": "2017-12-31 00:00:00", "revenue_percent": "47.8", "relationship_start": "2017-05-05 00:00:00", "relationship_source": "factset_revere_relationship", "source_label": "historical", "ground_truth_label": "1"}, "source_label": "historical", "relationship_source": "factset_revere_relationship", "revenue_percent": "47.8", "is_single_source": "False", "industry": "Technology", "top_segments": "['Business and Public Services', 'Technology']"}
{"context": "[目标公司画像]\n目标ID: 0025F0-E\n公司名: Mercedes-Benz Group AG\n国家: DE\nSIC: N/A\n行业: Commercial Transportation Equipment\n业务段: Industrial and Materials, Finance\n决策年: 2020\n\n[候选供应商画像]\n供应商ID: 05YL6N-E\n名称: Beiqi Foton Motor Co., Ltd.\n国家: CN\nSIC: N/A\n行业: Mining And Quarrying Of Nonmetallic Minerals, Except Fuels\n业务段: []\n单一来源: False\n财务指标: FF_SALES=14874.15663695, FF_NET_MGN=-0.85441913099323, FF_DEBT_EQ=88.6979901718377, FF_ROIC=0.790455542726954, FF_CURR_RATIO=0.696007583462868, 货币=CNY, 财报日期=2020-12-31 00:00:00\n关系信息: revenue_percent=N/A, relationship_start=N/A, source=N/A, source_label=future_new", "question": "基于上述目标公司画像和供应商画像，判断在决策年是否应选择该供应商。请只回答 [[1]] 表示选择 或 [[0]] 表示不选择。", "answer": "1", "target_entity_id": "0025F0-E", "supplier_entity_id": "05YL6N-E", "year": "2020", "target_info": {"target_entity_id": "0025F0-E", "entity_proper_name": "Mercedes-Benz Group AG", "iso_country": "DE", "primary_sic_name": "", "company_id": 19337, "industry": "Commercial Transportation Equipment", "top_segments": ["Industrial and Materials", "Finance"], "cutoff_date": "2020-12-31", "decision_year": 2020, "self_profile": {"factset_entity_id": "0025F0-E", "company_id": 19337, "entity_proper_name": "Mercedes-Benz Group AG", "iso_country": "DE", "primary_sic_name": "", "cutoff_date": "2020-12-31", "industry": "Commercial Transportation Equipment", "top_segments": ["Industrial and Materials", "Finance"]}, "metadata": {"extraction_date": "2025-10-02 21:55:33", "total_suppliers": 1164, "historical_suppliers": 482, "future_new_suppliers": 200, "random_noise_suppliers": 482, "positive_samples": 547, "negative_samples": 617}}, "supplier_raw": {"factset_entity_id": "05YL6N-E", "entity_proper_name": "Beiqi Foton Motor Co., Ltd.", "iso_country": "CN", "primary_sic_name": "", "company_id": "1791227.0", "industry": "Mining And Quarrying Of Nonmetallic Minerals, Except Fuels", "top_segments": "[]", "is_single_source": "False", "FF_SALES": "14874.15663695", "FF_NET_MGN": "-0.85441913099323", "FF_DEBT_EQ": "88.6979901718377", "FF_ROIC": "0.790455542726954", "FF_CURR_RATIO": "0.696007583462868", "CURRENCY": "CNY", "financial_date": "2020-12-31 00:00:00", "revenue_percent": "", "relationship_start": "", "relationship_source": "", "source_label": "future_new", "ground_truth_label": "1"}, "source_label": "future_new", "relationship_source": "", "revenue_percent": "", "is_single_source": "False", "industry": "Mining And Quarrying Of Nonmetallic Minerals, Except Fuels", "top_segments": "[]"}
{"context": "[目标公司画像]\n目标ID: 001274-E\n公司名: PG&E Corp.\n国家: US\nSIC: N/A\n行业: United States\n业务段: Business and Public Services, Energy\n决策年: 2019\n\n[候选供应商画像]\n供应商ID: 00CFK1-E\n名称: Niska Gas Storage Partners LLC\n国家: US\nSIC: N/A\n行业: Midstream\n业务段: ['Energy']\n单一来源: False\n财务指标: FF_SALES=14.3050000000892, FF_NET_MGN=-173.834323663055, FF_DEBT_EQ=N/A, FF_ROIC=-22.5228124772177, FF_CURR_RATIO=0.659135850659071, 货币=USD, 财报日期=2016-03-31 00:00:00\n关系信息: revenue_percent=N/A, relationship_start=2015-09-03 00:00:00, source=factset_revere_relationship, source_label=historical", "question": "基于上述目标公司画像和供应商画像，判断在决策年是否应选择该供应商。请只回答 [[1]] 表示选择 或 [[0]] 表示不选择。", "answer": "1", "target_entity_id": "001274-E", "supplier_entity_id": "00CFK1-E", "year": "2019", "target_info": {"target_entity_id": "001274-E", "entity_proper_name": "PG&E Corp.", "iso_country": "US", "primary_sic_name": "", "company_id": 8013, "industry": "United States", "top_segments": ["Business and Public Services", "Energy"], "cutoff_date": "2019-12-31", "decision_year": 2019, "self_profile": {"factset_entity_id": "001274-E", "company_id": 8013, "entity_proper_name": "PG&E Corp.", "iso_country": "US", "primary_sic_name": "", "cutoff_date": "2019-12-31", "industry": "United States", "top_segments": ["Business and Public Services", "Energy"]}, "metadata": {"extraction_date": "2025-10-03 05:26:09", "total_suppliers": 106, "historical_suppliers": 46, "future_new_suppliers": 14, "random_noise_suppliers": 46, "positive_samples": 44, "negative_samples": 62}}, "supplier_raw": {"factset_entity_id": "00CFK1-E", "entity_proper_name": "Niska Gas Storage Partners LLC", "iso_country": "US", "primary_sic_name": "", "company_id": "21964094.0", "industry": "Midstream", "top_segments": "['Energy']", "is_single_source": "False", "FF_SALES": "14.3050000000892", "FF_NET_MGN": "-173.834323663055", "FF_DEBT_EQ": "", "FF_ROIC": "-22.5228124772177", "FF_CURR_RATIO": "0.659135850659071", "CURRENCY": "USD", "financial_date": "2016-03-31 00:00:00", "revenue_percent": "", "relationship_start": "2015-09-03 00:00:00", "relationship_source": "factset_revere_relationship", "source_label": "historical", "ground_truth_label": "1"}, "source_label": "historical", "relationship_source": "factset_revere_relationship", "revenue_percent": "", "is_single_source": "False", "industry": "Midstream", "top_segments": "['Energy']"}
{"context": "[目标公司画像]\n目标ID: 0025F0-E\n公司名: Mercedes-Benz Group AG\n国家: DE\nSIC: N/A\n行业: Commercial Transportation Equipment\n业务段: Industrial and Materials, Finance\n决策年: 2017\n\n[候选供应商画像]\n供应商ID: 0FW253-E\n名称: EDAG Engineering Group AG\n国家: CH\nSIC: N/A\n行业: Manufacturing and Scientific/Technical Services\n业务段: ['Business and Public Services']\n单一来源: False\n财务指标: FF_SALES=186.753, FF_NET_MGN=1.48217163847435, FF_DEBT_EQ=79.279364735216, FF_ROIC=7.35126144463581, FF_CURR_RATIO=0.950394912777139, 货币=EUR, 财报日期=2017-12-31 00:00:00\n关系信息: revenue_percent=N/A, relationship_start=2017-07-17 00:00:00, source=factset_revere_relationship, source_label=future_new", "question": "基于上述目标公司画像和供应商画像，判断在决策年是否应选择该供应商。请只回答 [[1]] 表示选择 或 [[0]] 表示不选择。", "answer": "1", "target_entity_id": "0025F0-E", "supplier_entity_id": "0FW253-E", "year": "2017", "target_info": {"target_entity_id": "0025F0-E", "entity_proper_name": "Mercedes-Benz Group AG", "iso_country": "DE", "primary_sic_name": "", "company_id": 19337, "industry": "Commercial Transportation Equipment", "top_segments": ["Industrial and Materials", "Finance"], "cutoff_date": "2017-12-31", "decision_year": 2017, "self_profile": {"factset_entity_id": "0025F0-E", "company_id": 19337, "entity_proper_name": "Mercedes-Benz Group AG", "iso_country": "DE", "primary_sic_name": "", "cutoff_date": "2017-12-31", "industry": "Commercial Transportation Equipment", "top_segments": ["Industrial and Materials", "Finance"]}, "metadata": {"extraction_date": "2025-10-02 18:27:37", "total_suppliers": 952, "historical_suppliers": 386, "future_new_suppliers": 180, "random_noise_suppliers": 386, "positive_samples": 467, "negative_samples": 485}}, "supplier_raw": {"factset_entity_id": "0FW253-E", "entity_proper_name": "EDAG Engineering Group AG", "iso_country": "CH", "primary_sic_name": "", "company_id": "81293791.0", "industry": "Manufacturing and Scientific/Technical Services", "top_segments": "['Business and Public Services']", "is_single_source": "False", "FF_SALES": "186.753", "FF_NET_MGN": "1.48217163847435", "FF_DEBT_EQ": "79.279364735216", "FF_ROIC": "7.35126144463581", "FF_CURR_RATIO": "0.950394912777139", "CURRENCY": "EUR", "financial_date": "2017-12-31 00:00:00", "revenue_percent": "", "relationship_start": "2017-07-17 00:00:00", "relationship_source": "factset_revere_relationship", "source_label": "future_new", "ground_truth_label": "1"}, "source_label": "future_new", "relationship_source": "factset_revere_relationship", "revenue_percent": "", "is_single_source": "False", "industry": "Manufacturing and Scientific/Technical Services", "top_segments": "['Business and Public Services']"}
{"context": "[目标公司画像]\n目标ID: 002111-E\n公司名: Telecom Italia SpA\n国家: IT\nSIC: N/A\n行业: Europe\n业务段: Business and Public Services, Technology, Consumer\n决策年: 2018\n\n[候选供应商画像]\n供应商ID: 007CQH-E\n名称: SIM Technology Group Ltd.\n国家: HK\nSIC: N/A\n行业: Hardware\n业务段: ['Industrial and Materials', 'Technology', 'Finance', 'Consumer']\n单一来源: False\n财务指标: FF_SALES=3265.347094, FF_NET_MGN=7.63775824806697, FF_DEBT_EQ=193.261118808512, FF_ROIC=2.10930616042164, FF_CURR_RATIO=N/A, 货币=THB, 财报日期=2018-12-31 00:00:00\n关系信息: revenue_percent=N/A, relationship_start=2015-07-15 00:00:00, source=factset_revere_relationship, source_label=historical", "question": "基于上述目标公司画像和供应商画像，判断在决策年是否应选择该供应商。请只回答 [[1]] 表示选择 或 [[0]] 表示不选择。", "answer": "1", "target_entity_id": "002111-E", "supplier_entity_id": "007CQH-E", "year": "2018", "target_info": {"target_entity_id": "002111-E", "entity_proper_name": "Telecom Italia SpA", "iso_country": "IT", "primary_sic_name": "", "company_id": 10018, "industry": "Europe", "top_segments": ["Business and Public Services", "Technology", "Consumer"], "cutoff_date": "2018-12-31", "decision_year": 2018, "self_profile": {"factset_entity_id": "002111-E", "company_id": 10018, "entity_proper_name": "Telecom Italia SpA", "iso_country": "IT", "primary_sic_name": "", "cutoff_date": "2018-12-31", "industry": "Europe", "top_segments": ["Business and Public Services", "Technology", "Consumer"]}, "metadata": {"extraction_date": "2025-10-03 06:23:34", "total_suppliers": 122, "historical_suppliers": 52, "future_new_suppliers": 18, "random_noise_suppliers": 52, "positive_samples": 46, "negative_samples": 76}}, "supplier_raw": {"factset_entity_id": "007CQH-E", "entity_proper_name": "SIM Technology Group Ltd.", "iso_country": "HK", "primary_sic_name": "", "company_id": "1804604.0", "industry": "Hardware", "top_segments": "['Industrial and Materials', 'Technology', 'Finance', 'Consumer']", "is_single_source": "False", "FF_SALES": "3265.347094", "FF_NET_MGN": "7.63775824806697", "FF_DEBT_EQ": "193.261118808512", "FF_ROIC": "2.10930616042164", "FF_CURR_RATIO": "", "CURRENCY": "THB", "financial_date": "2018-12-31 00:00:00", "revenue_percent": "", "relationship_start": "2015-07-15 00:00:00", "relationship_source": "factset_revere_relationship", "source_label": "historical", "ground_truth_label": "1"}, "source_label": "historical", "relationship_source": "factset_revere_relationship", "revenue_percent": "", "is_single_source": "False", "industry": "Hardware", "top_segments": "['Industrial and Materials', 'Technology', 'Finance', 'Consumer']"}
{"context": "[目标公司画像]\n目标ID: 0025F0-E\n公司名: Mercedes-Benz Group AG\n国家: DE\nSIC: N/A\n行业: Commercial Transportation Equipment\n业务段: Industrial and Materials, Finance\n决策年: 2016\n\n[候选供应商画像]\n供应商ID: 0GHYSV-E\n名称: Johnson Controls International Plc\n国家: IE\nSIC: N/A\n行业: Machinery Manufacturing\n业务段: ['Industrial and Materials', 'Technology', 'Business and Public Services']\n单一来源: False\n财务指标: FF_SALES=7086.0, FF_NET_MGN=5.2497883149873, FF_DEBT_EQ=67.6814629412065, FF_ROIC=-2.28916664357177, FF_CURR_RATIO=0.956977048608081, 货币=USD, 财报日期=2016-12-31 00:00:00\n关系信息: revenue_percent=N/A, relationship_start=2016-11-01 00:00:00, source=factset_revere_relationship, source_label=future_new", "question": "基于上述目标公司画像和供应商画像，判断在决策年是否应选择该供应商。请只回答 [[1]] 表示选择 或 [[0]] 表示不选择。", "answer": "0", "target_entity_id": "0025F0-E", "supplier_entity_id": "0GHYSV-E", "year": "2016", "target_info": {"target_entity_id": "0025F0-E", "entity_proper_name": "Mercedes-Benz Group AG", "iso_country": "DE", "primary_sic_name": "", "company_id": 19337, "industry": "Commercial Transportation Equipment", "top_segments": ["Industrial and Materials", "Finance"], "cutoff_date": "2016-12-31", "decision_year": 2016, "self_profile": {"factset_entity_id": "0025F0-E", "company_id": 19337, "entity_proper_name": "Mercedes-Benz Group AG", "iso_country": "DE", "primary_sic_name": "", "cutoff_date": "2016-12-31", "industry": "Commercial Transportation Equipment", "top_segments": ["Industrial and Materials", "Finance"]}, "metadata": {"extraction_date": "2025-10-02 17:28:10", "total_suppliers": 843, "historical_suppliers": 319, "future_new_suppliers": 205, "random_noise_suppliers": 319, "positive_samples": 430, "negative_samples": 413}}, "supplier_raw": {"factset_entity_id": "0GHYSV-E", "entity_proper_name": "Johnson Controls International Plc", "iso_country": "IE", "primary_sic_name": "", "company_id": "97092015.0", "industry": "Machinery Manufacturing", "top_segments": "['Industrial and Materials', 'Technology', 'Business and Public Services']", "is_single_source": "False", "FF_SALES": "7086.0", "FF_NET_MGN": "5.2497883149873", "FF_DEBT_EQ": "67.6814629412065", "FF_ROIC": "-2.28916664357177", "FF_CURR_RATIO": "0.956977048608081", "CURRENCY": "USD", "financial_date": "2016-12-31 00:00:00", "revenue_percent": "", "relationship_start": "2016-11-01 00:00:00", "relationship_source": "factset_revere_relationship", "source_label": "future_new", "ground_truth_label": "0"}, "source_label": "future_new", "relationship_source": "factset_revere_relationship", "revenue_percent": "", "is_single_source": "False", "industry": "Machinery Manufacturing", "top_segments": "['Industrial and Materials', 'Technology', 'Business and Public Services']"}
{"context": "[目标公司画像]\n目标ID: 0025F0-E\n公司名: Mercedes-Benz Group AG\n国家: DE\nSIC: N/A\n行业: Commercial Transportation Equipment\n业务段: Industrial and Materials, Finance\n决策年: 2017\n\n[候选供应商画像]\n供应商ID: 05J5X8-E\n名称: Kasai Kogyo Co., Ltd.\n国家: JP\nSIC: N/A\n行业: Comfort, Safety and Electronics\n业务段: ['Industrial and Materials']\n单一来源: False\n财务指标: FF_SALES=54005.0, FF_NET_MGN=2.22757152115545, FF_DEBT_EQ=44.6008835530975, FF_ROIC=12.2938399673641, FF_CURR_RATIO=1.317595004597, 货币=JPY, 财报日期=2017-12-31 00:00:00\n关系信息: revenue_percent=N/A, relationship_start=2017-12-27 00:00:00, source=factset_revere_relationship, source_label=historical", "question": "基于上述目标公司画像和供应商画像，判断在决策年是否应选择该供应商。请只回答 [[1]] 表示选择 或 [[0]] 表示不选择。", "answer": "1", "target_entity_id": "0025F0-E", "supplier_entity_id": "05J5X8-E", "year": "2017", "target_info": {"target_entity_id": "0025F0-E", "entity_proper_name": "Mercedes-Benz Group AG", "iso_country": "DE", "primary_sic_name": "", "company_id": 19337, "industry": "Commercial Transportation Equipment", "top_segments": ["Industrial and Materials", "Finance"], "cutoff_date": "2017-12-31", "decision_year": 2017, "self_profile": {"factset_entity_id": "0025F0-E", "company_id": 19337, "entity_proper_name": "Mercedes-Benz Group AG", "iso_country": "DE", "primary_sic_name": "", "cutoff_date": "2017-12-31", "industry": "Commercial Transportation Equipment", "top_segments": ["Industrial and Materials", "Finance"]}, "metadata": {"extraction_date": "2025-10-02 18:27:37", "total_suppliers": 952, "historical_suppliers": 386, "future_new_suppliers": 180, "random_noise_suppliers": 386, "positive_samples": 467, "negative_samples": 485}}, "supplier_raw": {"factset_entity_id": "05J5X8-E", "entity_proper_name": "Kasai Kogyo Co., Ltd.", "iso_country": "JP", "primary_sic_name": "", "company_id": "22448361.0", "industry": "Comfort, Safety and Electronics", "top_segments": "['Industrial and Materials']", "is_single_source": "False", "FF_SALES": "54005.0", "FF_NET_MGN": "2.22757152115545", "FF_DEBT_EQ": "44.6008835530975", "FF_ROIC": "12.2938399673641", "FF_CURR_RATIO": "1.317595004597", "CURRENCY": "JPY", "financial_date": "2017-12-31 00:00:00", "revenue_percent": "", "relationship_start": "2017-12-27 00:00:00", "relationship_source": "factset_revere_relationship", "source_label": "historical", "ground_truth_label": "1"}, "source_label": "historical", "relationship_source": "factset_revere_relationship", "revenue_percent": "", "is_single_source": "False", "industry": "Comfort, Safety and Electronics", "top_segments": "['Industrial and Materials']"}
{"context": "[目标公司画像]\n目标ID: 000C7F-E\n公司名: Apple, Inc.\n国家: US\nSIC: N/A\n行业: Computer Hardware\n业务段: Technology, Consumer\n决策年: 2020\n\n[候选供应商画像]\n供应商ID: 007N2N-E\n名称: Silkwave, Inc.\n国家: HK\nSIC: N/A\n行业: Consumer\n业务段: ['Technology', 'Consumer', 'Industrial and Materials']\n单一来源: False\n财务指标: FF_SALES=N/A, FF_NET_MGN=N/A, FF_DEBT_EQ=N/A, FF_ROIC=N/A, FF_CURR_RATIO=N/A, 货币=N/A, 财报日期=N/A\n关系信息: revenue_percent=N/A, relationship_start=2020-10-12 00:00:00, source=factset_revere_relationship, source_label=future_new", "question": "基于上述目标公司画像和供应商画像，判断在决策年是否应选择该供应商。请只回答 [[1]] 表示选择 或 [[0]] 表示不选择。", "answer": "1", "target_entity_id": "000C7F-E", "supplier_entity_id": "007N2N-E", "year": "2020", "target_info": {"target_entity_id": "000C7F-E", "entity_proper_name": "Apple, Inc.", "iso_country": "US", "primary_sic_name": "", "company_id": 777, "industry": "Computer Hardware", "top_segments": ["Technology", "Consumer"], "cutoff_date": "2020-12-31", "decision_year": 2020, "self_profile": {"factset_entity_id": "000C7F-E", "company_id": 777, "entity_proper_name": "Apple, Inc.", "iso_country": "US", "primary_sic_name": "", "cutoff_date": "2020-12-31", "industry": "Computer Hardware", "top_segments": ["Technology", "Consumer"]}, "metadata": {"extraction_date": "2025-10-02 06:14:10", "total_suppliers": 735, "historical_suppliers": 288, "future_new_suppliers": 159, "random_noise_suppliers": 288, "positive_samples": 335, "negative_samples": 400}}, "supplier_raw": {"factset_entity_id": "007N2N-E", "entity_proper_name": "Silkwave, Inc.", "iso_country": "HK", "primary_sic_name": "", "company_id": "1880858.0", "industry": "Consumer", "top_segments": "['Technology', 'Consumer', 'Industrial and Materials']", "is_single_source": "False", "FF_SALES": "", "FF_NET_MGN": "", "FF_DEBT_EQ": "", "FF_ROIC": "", "FF_CURR_RATIO": "", "CURRENCY": "", "financial_date": "", "revenue_percent": "", "relationship_start": "2020-10-12 00:00:00", "relationship_source": "factset_revere_relationship", "source_label": "future_new", "ground_truth_label": "1"}, "source_label": "future_new", "relationship_source": "factset_revere_relationship", "revenue_percent": "", "is_single_source": "False", "industry": "Consumer", "top_segments": "['Technology', 'Consumer', 'Industrial and Materials']"}
{"context": "[目标公司画像]\n目标ID: 000C7F-E\n公司名: Apple, Inc.\n国家: US\nSIC: N/A\n行业: Computer Hardware\n业务段: Technology, Consumer\n决策年: 2018\n\n[候选供应商画像]\n供应商ID: 0DF532-E\n名称: Freelancer Ltd.\n国家: AU\nSIC: N/A\n行业: Consumer\n业务段: ['Consumer', 'Business and Public Services']\n单一来源: False\n财务指标: FF_SALES=N/A, FF_NET_MGN=N/A, FF_DEBT_EQ=N/A, FF_ROIC=N/A, FF_CURR_RATIO=N/A, 货币=N/A, 财报日期=N/A\n关系信息: revenue_percent=N/A, relationship_start=N/A, source=N/A, source_label=future_new", "question": "基于上述目标公司画像和供应商画像，判断在决策年是否应选择该供应商。请只回答 [[1]] 表示选择 或 [[0]] 表示不选择。", "answer": "1", "target_entity_id": "000C7F-E", "supplier_entity_id": "0DF532-E", "year": "2018", "target_info": {"target_entity_id": "000C7F-E", "entity_proper_name": "Apple, Inc.", "iso_country": "US", "primary_sic_name": "", "company_id": 777, "industry": "Computer Hardware", "top_segments": ["Technology", "Consumer"], "cutoff_date": "2018-12-31", "decision_year": 2018, "self_profile": {"factset_entity_id": "000C7F-E", "company_id": 777, "entity_proper_name": "Apple, Inc.", "iso_country": "US", "primary_sic_name": "", "cutoff_date": "2018-12-31", "industry": "Computer Hardware", "top_segments": ["Technology", "Consumer"]}, "metadata": {"extraction_date": "2025-10-02 04:52:36", "total_suppliers": 614, "historical_suppliers": 234, "future_new_suppliers": 146, "random_noise_suppliers": 234, "positive_samples": 288, "negative_samples": 326}}, "supplier_raw": {"factset_entity_id": "0DF532-E", "entity_proper_name": "Freelancer Ltd.", "iso_country": "AU", "primary_sic_name": "", "company_id": "16003667.0", "industry": "Consumer", "top_segments": "['Consumer', 'Business and Public Services']", "is_single_source": "False", "FF_SALES": "", "FF_NET_MGN": "", "FF_DEBT_EQ": "", "FF_ROIC": "", "FF_CURR_RATIO": "", "CURRENCY": "", "financial_date": "", "revenue_percent": "", "relationship_start": "", "relationship_source": "", "source_label": "future_new", "ground_truth_label": "1"}, "source_label": "future_new", "relationship_source": "", "revenue_percent": "", "is_single_source": "False", "industry": "Consumer", "top_segments": "['Consumer', 'Business and Public Services']"}
{"context": "[目标公司画像]\n目标ID: 000C7F-E\n公司名: Apple, Inc.\n国家: US\nSIC: N/A\n行业: Computer Hardware\n业务段: Technology, Consumer\n决策年: 2015\n\n[候选供应商画像]\n供应商ID: 06M8S0-E\n名称: Avago Technologies Ltd.\n国家: SG\nSIC: N/A\n行业: Transmission\n业务段: ['Technology']\n单一来源: False\n财务指标: FF_SALES=N/A, FF_NET_MGN=N/A, FF_DEBT_EQ=N/A, FF_ROIC=N/A, FF_CURR_RATIO=N/A, 货币=N/A, 财报日期=N/A\n关系信息: revenue_percent=20.0, relationship_start=2015-12-28 00:00:00, source=factset_revere_relationship, source_label=historical", "question": "基于上述目标公司画像和供应商画像，判断在决策年是否应选择该供应商。请只回答 [[1]] 表示选择 或 [[0]] 表示不选择。", "answer": "1", "target_entity_id": "000C7F-E", "supplier_entity_id": "06M8S0-E", "year": "2015", "target_info": {"target_entity_id": "000C7F-E", "entity_proper_name": "Apple, Inc.", "iso_country": "US", "primary_sic_name": "", "company_id": 777, "industry": "Computer Hardware", "top_segments": ["Technology", "Consumer"], "cutoff_date": "2015-12-31", "decision_year": 2015, "self_profile": {"factset_entity_id": "000C7F-E", "company_id": 777, "entity_proper_name": "Apple, Inc.", "iso_country": "US", "primary_sic_name": "", "cutoff_date": "2015-12-31", "industry": "Computer Hardware", "top_segments": ["Technology", "Consumer"]}, "metadata": {"extraction_date": "2025-10-02 03:15:33", "total_suppliers": 384, "historical_suppliers": 130, "future_new_suppliers": 124, "random_noise_suppliers": 130, "positive_samples": 201, "negative_samples": 183}}, "supplier_raw": {"factset_entity_id": "06M8S0-E", "entity_proper_name": "Avago Technologies Ltd.", "iso_country": "SG", "primary_sic_name": "", "company_id": "1777214.0", "industry": "Transmission", "top_segments": "['Technology']", "is_single_source": "False", "FF_SALES": "", "FF_NET_MGN": "", "FF_DEBT_EQ": "", "FF_ROIC": "", "FF_CURR_RATIO": "", "CURRENCY": "", "financial_date": "", "revenue_percent": "20.0", "relationship_start": "2015-12-28 00:00:00", "relationship_source": "factset_revere_relationship", "source_label": "historical", "ground_truth_label": "1"}, "source_label": "historical", "relationship_source": "factset_revere_relationship", "revenue_percent": "20.0", "is_single_source": "False", "industry": "Transmission", "top_segments": "['Technology']"}
{"context": "[目标公司画像]\n目标ID: 0025F0-E\n公司名: Mercedes-Benz Group AG\n国家: DE\nSIC: N/A\n行业: Commercial Transportation Equipment\n业务段: Industrial and Materials, Finance\n决策年: 2017\n\n[候选供应商画像]\n供应商ID: 05HDZK-E\n名称: SAP SE\n国家: DE\nSIC: N/A\n行业: Primary Metal Industries\n业务段: []\n单一来源: False\n财务指标: FF_SALES=151973.951068193, FF_NET_MGN=27.112417340191, FF_DEBT_EQ=24.6971657062213, FF_ROIC=12.1255611951624, FF_CURR_RATIO=1.13966699314398, 货币=MXN, 财报日期=2017-12-31 00:00:00\n关系信息: revenue_percent=N/A, relationship_start=2004-04-21 00:00:00, source=factset_revere_relationship, source_label=future_new", "question": "基于上述目标公司画像和供应商画像，判断在决策年是否应选择该供应商。请只回答 [[1]] 表示选择 或 [[0]] 表示不选择。", "answer": "1", "target_entity_id": "0025F0-E", "supplier_entity_id": "05HDZK-E", "year": "2017", "target_info": {"target_entity_id": "0025F0-E", "entity_proper_name": "Mercedes-Benz Group AG", "iso_country": "DE", "primary_sic_name": "", "company_id": 19337, "industry": "Commercial Transportation Equipment", "top_segments": ["Industrial and Materials", "Finance"], "cutoff_date": "2017-12-31", "decision_year": 2017, "self_profile": {"factset_entity_id": "0025F0-E", "company_id": 19337, "entity_proper_name": "Mercedes-Benz Group AG", "iso_country": "DE", "primary_sic_name": "", "cutoff_date": "2017-12-31", "industry": "Commercial Transportation Equipment", "top_segments": ["Industrial and Materials", "Finance"]}, "metadata": {"extraction_date": "2025-10-02 18:27:37", "total_suppliers": 952, "historical_suppliers": 386, "future_new_suppliers": 180, "random_noise_suppliers": 386, "positive_samples": 467, "negative_samples": 485}}, "supplier_raw": {"factset_entity_id": "05HDZK-E", "entity_proper_name": "SAP SE", "iso_country": "DE", "primary_sic_name": "", "company_id": "9006.0", "industry": "Primary Metal Industries", "top_segments": "[]", "is_single_source": "False", "FF_SALES": "151973.951068193", "FF_NET_MGN": "27.112417340191", "FF_DEBT_EQ": "24.6971657062213", "FF_ROIC": "12.1255611951624", "FF_CURR_RATIO": "1.13966699314398", "CURRENCY": "MXN", "financial_date": "2017-12-31 00:00:00", "revenue_percent": "", "relationship_start": "2004-04-21 00:00:00", "relationship_source": "factset_revere_relationship", "source_label": "future_new", "ground_truth_label": "1"}, "source_label": "future_new", "relationship_source": "factset_revere_relationship", "revenue_percent": "", "is_single_source": "False", "industry": "Primary Metal Industries", "top_segments": "[]"}
{"context": "[目标公司画像]\n目标ID: 002111-E\n公司名: Telecom Italia SpA\n国家: IT\nSIC: N/A\n行业: Europe\n业务段: Business and Public Services, Technology, Consumer\n决策年: 2017\n\n[候选供应商画像]\n供应商ID: 006HCD-E\n名称: Cello Health Ltd.\n国家: GB\nSIC: N/A\n行业: Professional Services\n业务段: ['Business and Public Services', 'Unclassifiable']\n单一来源: False\n财务指标: FF_SALES=50522.97645, FF_NET_MGN=0.888388388388388, FF_DEBT_EQ=57.2151981443366, FF_ROIC=-0.174024065940616, FF_CURR_RATIO=1.63183573897134, 货币=DKK, 财报日期=2017-12-31 00:00:00\n关系信息: revenue_percent=N/A, relationship_start=N/A, source=N/A, source_label=random_noise", "question": "基于上述目标公司画像和供应商画像，判断在决策年是否应选择该供应商。请只回答 [[1]] 表示选择 或 [[0]] 表示不选择。", "answer": "0", "target_entity_id": "002111-E", "supplier_entity_id": "006HCD-E", "year": "2017", "target_info": {"target_entity_id": "002111-E", "entity_proper_name": "Telecom Italia SpA", "iso_country": "IT", "primary_sic_name": "", "company_id": 10018, "industry": "Europe", "top_segments": ["Business and Public Services", "Technology", "Consumer"], "cutoff_date": "2017-12-31", "decision_year": 2017, "self_profile": {"factset_entity_id": "002111-E", "company_id": 10018, "entity_proper_name": "Telecom Italia SpA", "iso_country": "IT", "primary_sic_name": "", "cutoff_date": "2017-12-31", "industry": "Europe", "top_segments": ["Business and Public Services", "Technology", "Consumer"]}, "metadata": {"extraction_date": "2025-10-03 06:14:30", "total_suppliers": 116, "historical_suppliers": 47, "future_new_suppliers": 22, "random_noise_suppliers": 47, "positive_samples": 46, "negative_samples": 70}}, "supplier_raw": {"factset_entity_id": "006HCD-E", "entity_proper_name": "Cello Health Ltd.", "iso_country": "GB", "primary_sic_name": "", "company_id": "194517863.0", "industry": "Professional Services", "top_segments": "['Business and Public Services', 'Unclassifiable']", "is_single_source": "False", "FF_SALES": "50522.97645", "FF_NET_MGN": "0.888388388388388", "FF_DEBT_EQ": "57.2151981443366", "FF_ROIC": "-0.174024065940616", "FF_CURR_RATIO": "1.63183573897134", "CURRENCY": "DKK", "financial_date": "2017-12-31 00:00:00", "revenue_percent": "", "relationship_start": "", "relationship_source": "", "source_label": "random_noise", "ground_truth_label": "0"}, "source_label": "random_noise", "relationship_source": "", "revenue_percent": "", "is_single_source": "False", "industry": "Professional Services", "top_segments": "['Business and Public Services', 'Unclassifiable']"}
{"context": "[目标公司画像]\n目标ID: 000C7F-E\n公司名: Apple, Inc.\n国家: US\nSIC: N/A\n行业: Computer Hardware\n业务段: Technology, Consumer\n决策年: 2020\n\n[候选供应商画像]\n供应商ID: 05KYZJ-E\n名称: PT Surya Citra Media Tbk\n国家: ID\nSIC: N/A\n行业: Cable/Satellite Networks\n业务段: ['Consumer']\n单一来源: False\n财务指标: FF_SALES=105.71302625143, FF_NET_MGN=15.4816396208761, FF_DEBT_EQ=40.4639976980995, FF_ROIC=23.6985692656593, FF_CURR_RATIO=2.33977267313158, 货币=USD, 财报日期=2020-12-31 00:00:00\n关系信息: revenue_percent=N/A, relationship_start=2020-07-23 00:00:00, source=factset_revere_relationship, source_label=future_new", "question": "基于上述目标公司画像和供应商画像，判断在决策年是否应选择该供应商。请只回答 [[1]] 表示选择 或 [[0]] 表示不选择。", "answer": "1", "target_entity_id": "000C7F-E", "supplier_entity_id": "05KYZJ-E", "year": "2020", "target_info": {"target_entity_id": "000C7F-E", "entity_proper_name": "Apple, Inc.", "iso_country": "US", "primary_sic_name": "", "company_id": 777, "industry": "Computer Hardware", "top_segments": ["Technology", "Consumer"], "cutoff_date": "2020-12-31", "decision_year": 2020, "self_profile": {"factset_entity_id": "000C7F-E", "company_id": 777, "entity_proper_name": "Apple, Inc.", "iso_country": "US", "primary_sic_name": "", "cutoff_date": "2020-12-31", "industry": "Computer Hardware", "top_segments": ["Technology", "Consumer"]}, "metadata": {"extraction_date": "2025-10-02 06:14:10", "total_suppliers": 735, "historical_suppliers": 288, "future_new_suppliers": 159, "random_noise_suppliers": 288, "positive_samples": 335, "negative_samples": 400}}, "supplier_raw": {"factset_entity_id": "05KYZJ-E", "entity_proper_name": "PT Surya Citra Media Tbk", "iso_country": "ID", "primary_sic_name": "", "company_id": "21999080.0", "industry": "Cable/Satellite Networks", "top_segments": "['Consumer']", "is_single_source": "False", "FF_SALES": "105.71302625143", "FF_NET_MGN": "15.4816396208761", "FF_DEBT_EQ": "40.4639976980995", "FF_ROIC": "23.6985692656593", "FF_CURR_RATIO": "2.33977267313158", "CURRENCY": "USD", "financial_date": "2020-12-31 00:00:00", "revenue_percent": "", "relationship_start": "2020-07-23 00:00:00", "relationship_source": "factset_revere_relationship", "source_label": "future_new", "ground_truth_label": "1"}, "source_label": "future_new", "relationship_source": "factset_revere_relationship", "revenue_percent": "", "is_single_source": "False", "industry": "Cable/Satellite Networks", "top_segments": "['Consumer']"}
{"context": "[目标公司画像]\n目标ID: 00208X-E\n公司名: NVIDIA Corp.\n国家: US\nSIC: N/A\n行业: Electronic Components\n业务段: Technology, Unclassifiable\n决策年: 2022\n\n[候选供应商画像]\n供应商ID: 06W1FR-E\n名称: Parade Technologies, Ltd.\n国家: TW\nSIC: N/A\n行业: Oil And Gas Extraction\n业务段: []\n单一来源: False\n财务指标: FF_SALES=3181.446, FF_NET_MGN=14.2768414111068, FF_DEBT_EQ=0.918227957427818, FF_ROIC=30.2270705529352, FF_CURR_RATIO=3.08281787861329, 货币=TWD, 财报日期=2022-12-31 00:00:00\n关系信息: revenue_percent=N/A, relationship_start=N/A, source=N/A, source_label=historical", "question": "基于上述目标公司画像和供应商画像，判断在决策年是否应选择该供应商。请只回答 [[1]] 表示选择 或 [[0]] 表示不选择。", "answer": "1", "target_entity_id": "00208X-E", "supplier_entity_id": "06W1FR-E", "year": "2022", "target_info": {"target_entity_id": "00208X-E", "entity_proper_name": "NVIDIA Corp.", "iso_country": "US", "primary_sic_name": "", "company_id": 20991, "industry": "Electronic Components", "top_segments": ["Technology", "Unclassifiable"], "cutoff_date": "2022-12-31", "decision_year": 2022, "self_profile": {"factset_entity_id": "00208X-E", "company_id": 20991, "entity_proper_name": "NVIDIA Corp.", "iso_country": "US", "primary_sic_name": "", "cutoff_date": "2022-12-31", "industry": "Electronic Components", "top_segments": ["Technology", "Unclassifiable"]}, "metadata": {"extraction_date": "2025-10-02 15:45:39", "total_suppliers": 121, "historical_suppliers": 41, "future_new_suppliers": 39, "random_noise_suppliers": 41, "positive_samples": 63, "negative_samples": 58}}, "supplier_raw": {"factset_entity_id": "06W1FR-E", "entity_proper_name": "Parade Technologies, Ltd.", "iso_country": "TW", "primary_sic_name": "", "company_id": "20135332.0", "industry": "Oil And Gas Extraction", "top_segments": "[]", "is_single_source": "False", "FF_SALES": "3181.446", "FF_NET_MGN": "14.2768414111068", "FF_DEBT_EQ": "0.918227957427818", "FF_ROIC": "30.2270705529352", "FF_CURR_RATIO": "3.08281787861329", "CURRENCY": "TWD", "financial_date": "2022-12-31 00:00:00", "revenue_percent": "", "relationship_start": "", "relationship_source": "", "source_label": "historical", "ground_truth_label": "1"}, "source_label": "historical", "relationship_source": "", "revenue_percent": "", "is_single_source": "False", "industry": "Oil And Gas Extraction", "top_segments": "[]"}
{"context": "[目标公司画像]\n目标ID: 0025F0-E\n公司名: Mercedes-Benz Group AG\n国家: DE\nSIC: N/A\n行业: Commercial Transportation Equipment\n业务段: Industrial and Materials, Finance\n决策年: 2022\n\n[候选供应商画像]\n供应商ID: 003PTZ-E\n名称: Atos SE\n国家: FR\nSIC: N/A\n行业: Internet/Online Services\n业务段: ['Technology', 'Business and Public Services']\n单一来源: False\n财务指标: FF_SALES=1786.73490728511, FF_NET_MGN=0.0, FF_DEBT_EQ=N/A, FF_ROIC=N/A, FF_CURR_RATIO=N/A, 货币=USD, 财报日期=2010-12-31 00:00:00\n关系信息: revenue_percent=N/A, relationship_start=2021-04-29 00:00:00, source=factset_revere_relationship, source_label=historical", "question": "基于上述目标公司画像和供应商画像，判断在决策年是否应选择该供应商。请只回答 [[1]] 表示选择 或 [[0]] 表示不选择。", "answer": "0", "target_entity_id": "0025F0-E", "supplier_entity_id": "003PTZ-E", "year": "2022", "target_info": {"target_entity_id": "0025F0-E", "entity_proper_name": "Mercedes-Benz Group AG", "iso_country": "DE", "primary_sic_name": "", "company_id": 19337, "industry": "Commercial Transportation Equipment", "top_segments": ["Industrial and Materials", "Finance"], "cutoff_date": "2022-12-31", "decision_year": 2022, "self_profile": {"factset_entity_id": "0025F0-E", "company_id": 19337, "entity_proper_name": "Mercedes-Benz Group AG", "iso_country": "DE", "primary_sic_name": "", "cutoff_date": "2022-12-31", "industry": "Commercial Transportation Equipment", "top_segments": ["Industrial and Materials", "Finance"]}, "metadata": {"extraction_date": "2025-10-03 00:31:19", "total_suppliers": 1345, "historical_suppliers": 547, "future_new_suppliers": 251, "random_noise_suppliers": 547, "positive_samples": 657, "negative_samples": 688}}, "supplier_raw": {"factset_entity_id": "003PTZ-E", "entity_proper_name": "Atos SE", "iso_country": "FR", "primary_sic_name": "", "company_id": "1778478.0", "industry": "Internet/Online Services", "top_segments": "['Technology', 'Business and Public Services']", "is_single_source": "False", "FF_SALES": "1786.73490728511", "FF_NET_MGN": "0.0", "FF_DEBT_EQ": "", "FF_ROIC": "", "FF_CURR_RATIO": "", "CURRENCY": "USD", "financial_date": "2010-12-31 00:00:00", "revenue_percent": "", "relationship_start": "2021-04-29 00:00:00", "relationship_source": "factset_revere_relationship", "source_label": "historical", "ground_truth_label": "0"}, "source_label": "historical", "relationship_source": "factset_revere_relationship", "revenue_percent": "", "is_single_source": "False", "industry": "Internet/Online Services", "top_segments": "['Technology', 'Business and Public Services']"}
{"context": "[目标公司画像]\n目标ID: 0025F0-E\n公司名: Mercedes-Benz Group AG\n国家: DE\nSIC: N/A\n行业: Commercial Transportation Equipment\n业务段: Industrial and Materials, Finance\n决策年: 2019\n\n[候选供应商画像]\n供应商ID: 0F0VN0-E\n名称: Gfinity Plc\n国家: GB\nSIC: N/A\n行业: Consumer\n业务段: ['Consumer']\n单一来源: False\n财务指标: FF_SALES=N/A, FF_NET_MGN=N/A, FF_DEBT_EQ=N/A, FF_ROIC=N/A, FF_CURR_RATIO=N/A, 货币=N/A, 财报日期=N/A\n关系信息: revenue_percent=N/A, relationship_start=2019-11-22 00:00:00, source=factset_revere_relationship, source_label=future_new", "question": "基于上述目标公司画像和供应商画像，判断在决策年是否应选择该供应商。请只回答 [[1]] 表示选择 或 [[0]] 表示不选择。", "answer": "1", "target_entity_id": "0025F0-E", "supplier_entity_id": "0F0VN0-E", "year": "2019", "target_info": {"target_entity_id": "0025F0-E", "entity_proper_name": "Mercedes-Benz Group AG", "iso_country": "DE", "primary_sic_name": "", "company_id": 19337, "industry": "Commercial Transportation Equipment", "top_segments": ["Industrial and Materials", "Finance"], "cutoff_date": "2019-12-31", "decision_year": 2019, "self_profile": {"factset_entity_id": "0025F0-E", "company_id": 19337, "entity_proper_name": "Mercedes-Benz Group AG", "iso_country": "DE", "primary_sic_name": "", "cutoff_date": "2019-12-31", "industry": "Commercial Transportation Equipment", "top_segments": ["Industrial and Materials", "Finance"]}, "metadata": {"extraction_date": "2025-10-02 20:44:07", "total_suppliers": 1124, "historical_suppliers": 467, "future_new_suppliers": 190, "random_noise_suppliers": 467, "positive_samples": 509, "negative_samples": 615}}, "supplier_raw": {"factset_entity_id": "0F0VN0-E", "entity_proper_name": "Gfinity Plc", "iso_country": "GB", "primary_sic_name": "", "company_id": "69954128.0", "industry": "Consumer", "top_segments": "['Consumer']", "is_single_source": "False", "FF_SALES": "", "FF_NET_MGN": "", "FF_DEBT_EQ": "", "FF_ROIC": "", "FF_CURR_RATIO": "", "CURRENCY": "", "financial_date": "", "revenue_percent": "", "relationship_start": "2019-11-22 00:00:00", "relationship_source": "factset_revere_relationship", "source_label": "future_new", "ground_truth_label": "1"}, "source_label": "future_new", "relationship_source": "factset_revere_relationship", "revenue_percent": "", "is_single_source": "False", "industry": "Consumer", "top_segments": "['Consumer']"}
{"context": "[目标公司画像]\n目标ID: 002C5D-E\n公司名: Vale SA\n国家: BR\nSIC: N/A\n行业: Latin America\n业务段: Business and Public Services, Industrial and Materials\n决策年: 2019\n\n[候选供应商画像]\n供应商ID: 05J13M-E\n名称: WEG SA\n国家: BR\nSIC: N/A\n行业: Electric Motors and Motion Control\n业务段: ['Industrial and Materials']\n单一来源: False\n财务指标: FF_SALES=3778.846, FF_NET_MGN=13.2444402338703, FF_DEBT_EQ=28.538872421534, FF_ROIC=16.4277028091234, FF_CURR_RATIO=2.173426042764, 货币=BRL, 财报日期=2019-12-31 00:00:00\n关系信息: revenue_percent=N/A, relationship_start=2018-11-13 00:00:00, source=factset_revere_relationship, source_label=historical", "question": "基于上述目标公司画像和供应商画像，判断在决策年是否应选择该供应商。请只回答 [[1]] 表示选择 或 [[0]] 表示不选择。", "answer": "1", "target_entity_id": "002C5D-E", "supplier_entity_id": "05J13M-E", "year": "2019", "target_info": {"target_entity_id": "002C5D-E", "entity_proper_name": "Vale SA", "iso_country": "BR", "primary_sic_name": "", "company_id": 1491943, "industry": "Latin America", "top_segments": ["Business and Public Services", "Industrial and Materials"], "cutoff_date": "2019-12-31", "decision_year": 2019, "self_profile": {"factset_entity_id": "002C5D-E", "company_id": 1491943, "entity_proper_name": "Vale SA", "iso_country": "BR", "primary_sic_name": "", "cutoff_date": "2019-12-31", "industry": "Latin America", "top_segments": ["Business and Public Services", "Industrial and Materials"]}, "metadata": {"extraction_date": "2025-10-02 14:25:09", "total_suppliers": 161, "historical_suppliers": 67, "future_new_suppliers": 27, "random_noise_suppliers": 67, "positive_samples": 67, "negative_samples": 94}}, "supplier_raw": {"factset_entity_id": "05J13M-E", "entity_proper_name": "WEG SA", "iso_country": "BR", "primary_sic_name": "", "company_id": "20140660.0", "industry": "Electric Motors and Motion Control", "top_segments": "['Industrial and Materials']", "is_single_source": "False", "FF_SALES": "3778.846", "FF_NET_MGN": "13.2444402338703", "FF_DEBT_EQ": "28.538872421534", "FF_ROIC": "16.4277028091234", "FF_CURR_RATIO": "2.173426042764", "CURRENCY": "BRL", "financial_date": "2019-12-31 00:00:00", "revenue_percent": "", "relationship_start": "2018-11-13 00:00:00", "relationship_source": "factset_revere_relationship", "source_label": "historical", "ground_truth_label": "1"}, "source_label": "historical", "relationship_source": "factset_revere_relationship", "revenue_percent": "", "is_single_source": "False", "industry": "Electric Motors and Motion Control", "top_segments": "['Industrial and Materials']"}
{"context": "[目标公司画像]\n目标ID: 000C7F-E\n公司名: Apple, Inc.\n国家: US\nSIC: N/A\n行业: Computer Hardware\n业务段: Technology, Consumer\n决策年: 2020\n\n[候选供应商画像]\n供应商ID: 079Y9S-E\n名称: Caesarstone Ltd.\n国家: IL\nSIC: N/A\n行业: Consumer\n业务段: ['Consumer']\n单一来源: False\n财务指标: FF_SALES=136.896, FF_NET_MGN=-1.742198457223, FF_DEBT_EQ=30.5259054067918, FF_ROIC=1.23273774350075, FF_CURR_RATIO=2.45668248256536, 货币=USD, 财报日期=2020-12-31 00:00:00\n关系信息: revenue_percent=N/A, relationship_start=2020-03-25 00:00:00, source=factset_revere_relationship, source_label=historical", "question": "基于上述目标公司画像和供应商画像，判断在决策年是否应选择该供应商。请只回答 [[1]] 表示选择 或 [[0]] 表示不选择。", "answer": "0", "target_entity_id": "000C7F-E", "supplier_entity_id": "079Y9S-E", "year": "2020", "target_info": {"target_entity_id": "000C7F-E", "entity_proper_name": "Apple, Inc.", "iso_country": "US", "primary_sic_name": "", "company_id": 777, "industry": "Computer Hardware", "top_segments": ["Technology", "Consumer"], "cutoff_date": "2020-12-31", "decision_year": 2020, "self_profile": {"factset_entity_id": "000C7F-E", "company_id": 777, "entity_proper_name": "Apple, Inc.", "iso_country": "US", "primary_sic_name": "", "cutoff_date": "2020-12-31", "industry": "Computer Hardware", "top_segments": ["Technology", "Consumer"]}, "metadata": {"extraction_date": "2025-10-02 06:14:10", "total_suppliers": 735, "historical_suppliers": 288, "future_new_suppliers": 159, "random_noise_suppliers": 288, "positive_samples": 335, "negative_samples": 400}}, "supplier_raw": {"factset_entity_id": "079Y9S-E", "entity_proper_name": "Caesarstone Ltd.", "iso_country": "IL", "primary_sic_name": "", "company_id": "28052558.0", "industry": "Consumer", "top_segments": "['Consumer']", "is_single_source": "False", "FF_SALES": "136.896", "FF_NET_MGN": "-1.742198457223", "FF_DEBT_EQ": "30.5259054067918", "FF_ROIC": "1.23273774350075", "FF_CURR_RATIO": "2.45668248256536", "CURRENCY": "USD", "financial_date": "2020-12-31 00:00:00", "revenue_percent": "", "relationship_start": "2020-03-25 00:00:00", "relationship_source": "factset_revere_relationship", "source_label": "historical", "ground_truth_label": "0"}, "source_label": "historical", "relationship_source": "factset_revere_relationship", "revenue_percent": "", "is_single_source": "False", "industry": "Consumer", "top_segments": "['Consumer']"}
{"context": "[目标公司画像]\n目标ID: 000C7F-E\n公司名: Apple, Inc.\n国家: US\nSIC: N/A\n行业: Computer Hardware\n业务段: Technology, Consumer\n决策年: 2022\n\n[候选供应商画像]\n供应商ID: 065BYV-E\n名称: L&K Engineering Co., Ltd.\n国家: TW\nSIC: N/A\n行业: Construction Materials\n业务段: ['Business and Public Services', 'Industrial and Materials']\n单一来源: False\n财务指标: FF_SALES=1445.46318869787, FF_NET_MGN=5.01435818661241, FF_DEBT_EQ=23.9719517254945, FF_ROIC=7.60549204607909, FF_CURR_RATIO=2.19389403107803, 货币=USD, 财报日期=2022-12-31 00:00:00\n关系信息: revenue_percent=N/A, relationship_start=N/A, source=N/A, source_label=future_new", "question": "基于上述目标公司画像和供应商画像，判断在决策年是否应选择该供应商。请只回答 [[1]] 表示选择 或 [[0]] 表示不选择。", "answer": "1", "target_entity_id": "000C7F-E", "supplier_entity_id": "065BYV-E", "year": "2022", "target_info": {"target_entity_id": "000C7F-E", "entity_proper_name": "Apple, Inc.", "iso_country": "US", "primary_sic_name": "", "company_id": 777, "industry": "Computer Hardware", "top_segments": ["Technology", "Consumer"], "cutoff_date": "2022-12-31", "decision_year": 2022, "self_profile": {"factset_entity_id": "000C7F-E", "company_id": 777, "entity_proper_name": "Apple, Inc.", "iso_country": "US", "primary_sic_name": "", "cutoff_date": "2022-12-31", "industry": "Computer Hardware", "top_segments": ["Technology", "Consumer"]}, "metadata": {"extraction_date": "2025-10-02 07:48:06", "total_suppliers": 865, "historical_suppliers": 335, "future_new_suppliers": 195, "random_noise_suppliers": 335, "positive_samples": 434, "negative_samples": 431}}, "supplier_raw": {"factset_entity_id": "065BYV-E", "entity_proper_name": "L&K Engineering Co., Ltd.", "iso_country": "TW", "primary_sic_name": "", "company_id": "22436094.0", "industry": "Construction Materials", "top_segments": "['Business and Public Services', 'Industrial and Materials']", "is_single_source": "False", "FF_SALES": "1445.46318869787", "FF_NET_MGN": "5.01435818661241", "FF_DEBT_EQ": "23.9719517254945", "FF_ROIC": "7.60549204607909", "FF_CURR_RATIO": "2.19389403107803", "CURRENCY": "USD", "financial_date": "2022-12-31 00:00:00", "revenue_percent": "", "relationship_start": "", "relationship_source": "", "source_label": "future_new", "ground_truth_label": "1"}, "source_label": "future_new", "relationship_source": "", "revenue_percent": "", "is_single_source": "False", "industry": "Construction Materials", "top_segments": "['Business and Public Services', 'Industrial and Materials']"}
{"context": "[目标公司画像]\n目标ID: 000C7F-E\n公司名: Apple, Inc.\n国家: US\nSIC: N/A\n行业: Computer Hardware\n业务段: Technology, Consumer\n决策年: 2021\n\n[候选供应商画像]\n供应商ID: 0PGH5Q-E\n名称: Delphi Growth Capital Corp.\n国家: US\nSIC: N/A\n行业: Communications\n业务段: []\n单一来源: False\n财务指标: FF_SALES=N/A, FF_NET_MGN=N/A, FF_DEBT_EQ=N/A, FF_ROIC=N/A, FF_CURR_RATIO=N/A, 货币=N/A, 财报日期=N/A\n关系信息: revenue_percent=N/A, relationship_start=N/A, source=N/A, source_label=random_noise", "question": "基于上述目标公司画像和供应商画像，判断在决策年是否应选择该供应商。请只回答 [[1]] 表示选择 或 [[0]] 表示不选择。", "answer": "0", "target_entity_id": "000C7F-E", "supplier_entity_id": "0PGH5Q-E", "year": "2021", "target_info": {"target_entity_id": "000C7F-E", "entity_proper_name": "Apple, Inc.", "iso_country": "US", "primary_sic_name": "", "company_id": 777, "industry": "Computer Hardware", "top_segments": ["Technology", "Consumer"], "cutoff_date": "2021-12-31", "decision_year": 2021, "self_profile": {"factset_entity_id": "000C7F-E", "company_id": 777, "entity_proper_name": "Apple, Inc.", "iso_country": "US", "primary_sic_name": "", "cutoff_date": "2021-12-31", "industry": "Computer Hardware", "top_segments": ["Technology", "Consumer"]}, "metadata": {"extraction_date": "2025-10-02 06:59:15", "total_suppliers": 798, "historical_suppliers": 327, "future_new_suppliers": 144, "random_noise_suppliers": 327, "positive_samples": 348, "negative_samples": 450}}, "supplier_raw": {"factset_entity_id": "0PGH5Q-E", "entity_proper_name": "Delphi Growth Capital Corp.", "iso_country": "US", "primary_sic_name": "", "company_id": "184106882.0", "industry": "Communications", "top_segments": "[]", "is_single_source": "False", "FF_SALES": "", "FF_NET_MGN": "", "FF_DEBT_EQ": "", "FF_ROIC": "", "FF_CURR_RATIO": "", "CURRENCY": "", "financial_date": "", "revenue_percent": "", "relationship_start": "", "relationship_source": "", "source_label": "random_noise", "ground_truth_label": "0"}, "source_label": "random_noise", "relationship_source": "", "revenue_percent": "", "is_single_source": "False", "industry": "Communications", "top_segments": "[]"}
{"context": "[目标公司画像]\n目标ID: 001274-E\n公司名: PG&E Corp.\n国家: US\nSIC: N/A\n行业: United States\n业务段: Business and Public Services, Energy\n决策年: 2019\n\n[候选供应商画像]\n供应商ID: 000XWB-E\n名称: TRC Cos., Inc.\n国家: US\nSIC: N/A\n行业: Consulting, Planning and Design\n业务段: ['Business and Public Services']\n单一来源: False\n财务指标: FF_SALES=0.007758, FF_NET_MGN=-365.558133539572, FF_DEBT_EQ=0.0, FF_ROIC=-2.88726330031737, FF_CURR_RATIO=N/A, 货币=CAD, 财报日期=2019-12-31 00:00:00\n关系信息: revenue_percent=N/A, relationship_start=2016-10-19 00:00:00, source=factset_revere_relationship, source_label=historical", "question": "基于上述目标公司画像和供应商画像，判断在决策年是否应选择该供应商。请只回答 [[1]] 表示选择 或 [[0]] 表示不选择。", "answer": "1", "target_entity_id": "001274-E", "supplier_entity_id": "000XWB-E", "year": "2019", "target_info": {"target_entity_id": "001274-E", "entity_proper_name": "PG&E Corp.", "iso_country": "US", "primary_sic_name": "", "company_id": 8013, "industry": "United States", "top_segments": ["Business and Public Services", "Energy"], "cutoff_date": "2019-12-31", "decision_year": 2019, "self_profile": {"factset_entity_id": "001274-E", "company_id": 8013, "entity_proper_name": "PG&E Corp.", "iso_country": "US", "primary_sic_name": "", "cutoff_date": "2019-12-31", "industry": "United States", "top_segments": ["Business and Public Services", "Energy"]}, "metadata": {"extraction_date": "2025-10-03 05:26:09", "total_suppliers": 106, "historical_suppliers": 46, "future_new_suppliers": 14, "random_noise_suppliers": 46, "positive_samples": 44, "negative_samples": 62}}, "supplier_raw": {"factset_entity_id": "000XWB-E", "entity_proper_name": "TRC Cos., Inc.", "iso_country": "US", "primary_sic_name": "", "company_id": "10329.0", "industry": "Consulting, Planning and Design", "top_segments": "['Business and Public Services']", "is_single_source": "False", "FF_SALES": "0.007758", "FF_NET_MGN": "-365.558133539572", "FF_DEBT_EQ": "0.0", "FF_ROIC": "-2.88726330031737", "FF_CURR_RATIO": "", "CURRENCY": "CAD", "financial_date": "2019-12-31 00:00:00", "revenue_percent": "", "relationship_start": "2016-10-19 00:00:00", "relationship_source": "factset_revere_relationship", "source_label": "historical", "ground_truth_label": "1"}, "source_label": "historical", "relationship_source": "factset_revere_relationship", "revenue_percent": "", "is_single_source": "False", "industry": "Consulting, Planning and Design", "top_segments": "['Business and Public Services']"}
{"context": "[目标公司画像]\n目标ID: 0025F0-E\n公司名: Mercedes-Benz Group AG\n国家: DE\nSIC: N/A\n行业: Commercial Transportation Equipment\n业务段: Industrial and Materials, Finance\n决策年: 2019\n\n[候选供应商画像]\n供应商ID: 0JF2TT-E\n名称: Pluralsight, Inc.\n国家: US\nSIC: N/A\n行业: Educational Services\n业务段: ['Consumer']\n单一来源: False\n财务指标: FF_SALES=88.811, FF_NET_MGN=-36.0056749726948, FF_DEBT_EQ=266.222367953657, FF_ROIC=-28.9077423638948, FF_CURR_RATIO=1.8967844424641, 货币=USD, 财报日期=2019-12-31 00:00:00\n关系信息: revenue_percent=N/A, relationship_start=2019-03-04 00:00:00, source=factset_revere_relationship, source_label=future_new", "question": "基于上述目标公司画像和供应商画像，判断在决策年是否应选择该供应商。请只回答 [[1]] 表示选择 或 [[0]] 表示不选择。", "answer": "1", "target_entity_id": "0025F0-E", "supplier_entity_id": "0JF2TT-E", "year": "2019", "target_info": {"target_entity_id": "0025F0-E", "entity_proper_name": "Mercedes-Benz Group AG", "iso_country": "DE", "primary_sic_name": "", "company_id": 19337, "industry": "Commercial Transportation Equipment", "top_segments": ["Industrial and Materials", "Finance"], "cutoff_date": "2019-12-31", "decision_year": 2019, "self_profile": {"factset_entity_id": "0025F0-E", "company_id": 19337, "entity_proper_name": "Mercedes-Benz Group AG", "iso_country": "DE", "primary_sic_name": "", "cutoff_date": "2019-12-31", "industry": "Commercial Transportation Equipment", "top_segments": ["Industrial and Materials", "Finance"]}, "metadata": {"extraction_date": "2025-10-02 20:44:07", "total_suppliers": 1124, "historical_suppliers": 467, "future_new_suppliers": 190, "random_noise_suppliers": 467, "positive_samples": 509, "negative_samples": 615}}, "supplier_raw": {"factset_entity_id": "0JF2TT-E", "entity_proper_name": "Pluralsight, Inc.", "iso_country": "US", "primary_sic_name": "", "company_id": "124446913.0", "industry": "Educational Services", "top_segments": "['Consumer']", "is_single_source": "False", "FF_SALES": "88.811", "FF_NET_MGN": "-36.0056749726948", "FF_DEBT_EQ": "266.222367953657", "FF_ROIC": "-28.9077423638948", "FF_CURR_RATIO": "1.8967844424641", "CURRENCY": "USD", "financial_date": "2019-12-31 00:00:00", "revenue_percent": "", "relationship_start": "2019-03-04 00:00:00", "relationship_source": "factset_revere_relationship", "source_label": "future_new", "ground_truth_label": "1"}, "source_label": "future_new", "relationship_source": "factset_revere_relationship", "revenue_percent": "", "is_single_source": "False", "industry": "Educational Services", "top_segments": "['Consumer']"}
{"context": "[目标公司画像]\n目标ID: 002111-E\n公司名: Telecom Italia SpA\n国家: IT\nSIC: N/A\n行业: Europe\n业务段: Business and Public Services, Technology, Consumer\n决策年: 2015\n\n[候选供应商画像]\n供应商ID: 06MSXC-E\n名称: Intesa Sanpaolo SpA\n国家: IT\nSIC: N/A\n行业: Communications\n业务段: []\n单一来源: False\n财务指标: FF_SALES=0.0, FF_NET_MGN=N/A, FF_DEBT_EQ=N/A, FF_ROIC=N/A, FF_CURR_RATIO=0.8883956396621, 货币=USD, 财报日期=2015-11-30 00:00:00\n关系信息: revenue_percent=N/A, relationship_start=N/A, source=N/A, source_label=historical", "question": "基于上述目标公司画像和供应商画像，判断在决策年是否应选择该供应商。请只回答 [[1]] 表示选择 或 [[0]] 表示不选择。", "answer": "0", "target_entity_id": "002111-E", "supplier_entity_id": "06MSXC-E", "year": "2015", "target_info": {"target_entity_id": "002111-E", "entity_proper_name": "Telecom Italia SpA", "iso_country": "IT", "primary_sic_name": "", "company_id": 10018, "industry": "Europe", "top_segments": ["Business and Public Services", "Technology", "Consumer"], "cutoff_date": "2015-12-31", "decision_year": 2015, "self_profile": {"factset_entity_id": "002111-E", "company_id": 10018, "entity_proper_name": "Telecom Italia SpA", "iso_country": "IT", "primary_sic_name": "", "cutoff_date": "2015-12-31", "industry": "Europe", "top_segments": ["Business and Public Services", "Technology", "Consumer"]}, "metadata": {"extraction_date": "2025-10-03 05:57:06", "total_suppliers": 102, "historical_suppliers": 36, "future_new_suppliers": 30, "random_noise_suppliers": 36, "positive_samples": 47, "negative_samples": 55}}, "supplier_raw": {"factset_entity_id": "06MSXC-E", "entity_proper_name": "Intesa Sanpaolo SpA", "iso_country": "IT", "primary_sic_name": "", "company_id": "1410463.0", "industry": "Communications", "top_segments": "[]", "is_single_source": "False", "FF_SALES": "0.0", "FF_NET_MGN": "", "FF_DEBT_EQ": "", "FF_ROIC": "", "FF_CURR_RATIO": "0.8883956396621", "CURRENCY": "USD", "financial_date": "2015-11-30 00:00:00", "revenue_percent": "", "relationship_start": "", "relationship_source": "", "source_label": "historical", "ground_truth_label": "0"}, "source_label": "historical", "relationship_source": "", "revenue_percent": "", "is_single_source": "False", "industry": "Communications", "top_segments": "[]"}
{"context": "[目标公司画像]\n目标ID: 000C7F-E\n公司名: Apple, Inc.\n国家: US\nSIC: N/A\n行业: Computer Hardware\n业务段: Technology, Consumer\n决策年: 2017\n\n[候选供应商画像]\n供应商ID: 0019ZG-E\n名称: Innodata, Inc.\n国家: US\nSIC: N/A\n行业: Enterprise Management\n业务段: ['Technology', 'Business and Public Services']\n单一来源: False\n财务指标: FF_SALES=15.658, FF_NET_MGN=-13.3541959381786, FF_DEBT_EQ=2.66396735113596, FF_ROIC=-15.4506831310939, FF_CURR_RATIO=1.62369382652734, 货币=USD, 财报日期=2017-12-31 00:00:00\n关系信息: revenue_percent=N/A, relationship_start=2016-04-18 00:00:00, source=factset_revere_relationship, source_label=historical", "question": "基于上述目标公司画像和供应商画像，判断在决策年是否应选择该供应商。请只回答 [[1]] 表示选择 或 [[0]] 表示不选择。", "answer": "1", "target_entity_id": "000C7F-E", "supplier_entity_id": "0019ZG-E", "year": "2017", "target_info": {"target_entity_id": "000C7F-E", "entity_proper_name": "Apple, Inc.", "iso_country": "US", "primary_sic_name": "", "company_id": 777, "industry": "Computer Hardware", "top_segments": ["Technology", "Consumer"], "cutoff_date": "2017-12-31", "decision_year": 2017, "self_profile": {"factset_entity_id": "000C7F-E", "company_id": 777, "entity_proper_name": "Apple, Inc.", "iso_country": "US", "primary_sic_name": "", "cutoff_date": "2017-12-31", "industry": "Computer Hardware", "top_segments": ["Technology", "Consumer"]}, "metadata": {"extraction_date": "2025-10-02 04:15:54", "total_suppliers": 532, "historical_suppliers": 201, "future_new_suppliers": 130, "random_noise_suppliers": 201, "positive_samples": 257, "negative_samples": 275}}, "supplier_raw": {"factset_entity_id": "0019ZG-E", "entity_proper_name": "Innodata, Inc.", "iso_country": "US", "primary_sic_name": "", "company_id": "5376.0", "industry": "Enterprise Management", "top_segments": "['Technology', 'Business and Public Services']", "is_single_source": "False", "FF_SALES": "15.658", "FF_NET_MGN": "-13.3541959381786", "FF_DEBT_EQ": "2.66396735113596", "FF_ROIC": "-15.4506831310939", "FF_CURR_RATIO": "1.62369382652734", "CURRENCY": "USD", "financial_date": "2017-12-31 00:00:00", "revenue_percent": "", "relationship_start": "2016-04-18 00:00:00", "relationship_source": "factset_revere_relationship", "source_label": "historical", "ground_truth_label": "1"}, "source_label": "historical", "relationship_source": "factset_revere_relationship", "revenue_percent": "", "is_single_source": "False", "industry": "Enterprise Management", "top_segments": "['Technology', 'Business and Public Services']"}
{"context": "[目标公司画像]\n目标ID: 000C7F-E\n公司名: Apple, Inc.\n国家: US\nSIC: N/A\n行业: Computer Hardware\n业务段: Technology, Consumer\n决策年: 2020\n\n[候选供应商画像]\n供应商ID: 005F82-E\n名称: ITV Plc\n国家: GB\nSIC: N/A\n行业: Broadcast Networks\n业务段: ['Consumer']\n单一来源: False\n财务指标: FF_SALES=9.88059764820061, FF_NET_MGN=-49.5976840655406, FF_DEBT_EQ=46.5351948358968, FF_ROIC=-9.75995807306183, FF_CURR_RATIO=2.15191183775608, 货币=CAD, 财报日期=2020-12-31 00:00:00\n关系信息: revenue_percent=N/A, relationship_start=2019-04-15 00:00:00, source=factset_revere_relationship, source_label=historical", "question": "基于上述目标公司画像和供应商画像，判断在决策年是否应选择该供应商。请只回答 [[1]] 表示选择 或 [[0]] 表示不选择。", "answer": "1", "target_entity_id": "000C7F-E", "supplier_entity_id": "005F82-E", "year": "2020", "target_info": {"target_entity_id": "000C7F-E", "entity_proper_name": "Apple, Inc.", "iso_country": "US", "primary_sic_name": "", "company_id": 777, "industry": "Computer Hardware", "top_segments": ["Technology", "Consumer"], "cutoff_date": "2020-12-31", "decision_year": 2020, "self_profile": {"factset_entity_id": "000C7F-E", "company_id": 777, "entity_proper_name": "Apple, Inc.", "iso_country": "US", "primary_sic_name": "", "cutoff_date": "2020-12-31", "industry": "Computer Hardware", "top_segments": ["Technology", "Consumer"]}, "metadata": {"extraction_date": "2025-10-02 06:14:10", "total_suppliers": 735, "historical_suppliers": 288, "future_new_suppliers": 159, "random_noise_suppliers": 288, "positive_samples": 335, "negative_samples": 400}}, "supplier_raw": {"factset_entity_id": "005F82-E", "entity_proper_name": "ITV Plc", "iso_country": "GB", "primary_sic_name": "", "company_id": "1719822.0", "industry": "Broadcast Networks", "top_segments": "['Consumer']", "is_single_source": "False", "FF_SALES": "9.88059764820061", "FF_NET_MGN": "-49.5976840655406", "FF_DEBT_EQ": "46.5351948358968", "FF_ROIC": "-9.75995807306183", "FF_CURR_RATIO": "2.15191183775608", "CURRENCY": "CAD", "financial_date": "2020-12-31 00:00:00", "revenue_percent": "", "relationship_start": "2019-04-15 00:00:00", "relationship_source": "factset_revere_relationship", "source_label": "historical", "ground_truth_label": "1"}, "source_label": "historical", "relationship_source": "factset_revere_relationship", "revenue_percent": "", "is_single_source": "False", "industry": "Broadcast Networks", "top_segments": "['Consumer']"}
{"context": "[目标公司画像]\n目标ID: 0025F0-E\n公司名: Mercedes-Benz Group AG\n国家: DE\nSIC: N/A\n行业: Commercial Transportation Equipment\n业务段: Industrial and Materials, Finance\n决策年: 2021\n\n[候选供应商画像]\n供应商ID: 05J9LS-E\n名称: Mensch und Maschine Software SE\n国家: DE\nSIC: N/A\n行业: Software\n业务段: ['Technology']\n单一来源: False\n财务指标: FF_SALES=82.4982713680664, FF_NET_MGN=9.58490356905343, FF_DEBT_EQ=27.1184477266145, FF_ROIC=21.4277356843711, FF_CURR_RATIO=1.29043976238301, 货币=USD, 财报日期=2021-12-31 00:00:00\n关系信息: revenue_percent=N/A, relationship_start=2019-10-23 00:00:00, source=factset_revere_relationship, source_label=historical", "question": "基于上述目标公司画像和供应商画像，判断在决策年是否应选择该供应商。请只回答 [[1]] 表示选择 或 [[0]] 表示不选择。", "answer": "1", "target_entity_id": "0025F0-E", "supplier_entity_id": "05J9LS-E", "year": "2021", "target_info": {"target_entity_id": "0025F0-E", "entity_proper_name": "Mercedes-Benz Group AG", "iso_country": "DE", "primary_sic_name": "", "company_id": 19337, "industry": "Commercial Transportation Equipment", "top_segments": ["Industrial and Materials", "Finance"], "cutoff_date": "2021-12-31", "decision_year": 2021, "self_profile": {"factset_entity_id": "0025F0-E", "company_id": 19337, "entity_proper_name": "Mercedes-Benz Group AG", "iso_country": "DE", "primary_sic_name": "", "cutoff_date": "2021-12-31", "industry": "Commercial Transportation Equipment", "top_segments": ["Industrial and Materials", "Finance"]}, "metadata": {"extraction_date": "2025-10-02 23:10:04", "total_suppliers": 1217, "historical_suppliers": 509, "future_new_suppliers": 199, "random_noise_suppliers": 509, "positive_samples": 572, "negative_samples": 645}}, "supplier_raw": {"factset_entity_id": "05J9LS-E", "entity_proper_name": "Mensch und Maschine Software SE", "iso_country": "DE", "primary_sic_name": "", "company_id": "19299142.0", "industry": "Software", "top_segments": "['Technology']", "is_single_source": "False", "FF_SALES": "82.4982713680664", "FF_NET_MGN": "9.58490356905343", "FF_DEBT_EQ": "27.1184477266145", "FF_ROIC": "21.4277356843711", "FF_CURR_RATIO": "1.29043976238301", "CURRENCY": "USD", "financial_date": "2021-12-31 00:00:00", "revenue_percent": "", "relationship_start": "2019-10-23 00:00:00", "relationship_source": "factset_revere_relationship", "source_label": "historical", "ground_truth_label": "1"}, "source_label": "historical", "relationship_source": "factset_revere_relationship", "revenue_percent": "", "is_single_source": "False", "industry": "Software", "top_segments": "['Technology']"}
{"context": "[目标公司画像]\n目标ID: 0025F0-E\n公司名: Mercedes-Benz Group AG\n国家: DE\nSIC: N/A\n行业: Commercial Transportation Equipment\n业务段: Industrial and Materials, Finance\n决策年: 2016\n\n[候选供应商画像]\n供应商ID: 07CBFP-E\n名称: China Zhongwang Holdings Ltd.\n国家: CN\nSIC: N/A\n行业: Commercial Finance\n业务段: ['Industrial and Materials']\n单一来源: False\n财务指标: FF_SALES=595.453520578331, FF_NET_MGN=14.344598273176, FF_DEBT_EQ=98.1817320130978, FF_ROIC=7.66003021342328, FF_CURR_RATIO=1.1107503439458, 货币=USD, 财报日期=2014-12-31 00:00:00\n关系信息: revenue_percent=N/A, relationship_start=N/A, source=N/A, source_label=future_new", "question": "基于上述目标公司画像和供应商画像，判断在决策年是否应选择该供应商。请只回答 [[1]] 表示选择 或 [[0]] 表示不选择。", "answer": "1", "target_entity_id": "0025F0-E", "supplier_entity_id": "07CBFP-E", "year": "2016", "target_info": {"target_entity_id": "0025F0-E", "entity_proper_name": "Mercedes-Benz Group AG", "iso_country": "DE", "primary_sic_name": "", "company_id": 19337, "industry": "Commercial Transportation Equipment", "top_segments": ["Industrial and Materials", "Finance"], "cutoff_date": "2016-12-31", "decision_year": 2016, "self_profile": {"factset_entity_id": "0025F0-E", "company_id": 19337, "entity_proper_name": "Mercedes-Benz Group AG", "iso_country": "DE", "primary_sic_name": "", "cutoff_date": "2016-12-31", "industry": "Commercial Transportation Equipment", "top_segments": ["Industrial and Materials", "Finance"]}, "metadata": {"extraction_date": "2025-10-02 17:28:10", "total_suppliers": 843, "historical_suppliers": 319, "future_new_suppliers": 205, "random_noise_suppliers": 319, "positive_samples": 430, "negative_samples": 413}}, "supplier_raw": {"factset_entity_id": "07CBFP-E", "entity_proper_name": "China Zhongwang Holdings Ltd.", "iso_country": "CN", "primary_sic_name": "", "company_id": "20072352.0", "industry": "Commercial Finance", "top_segments": "['Industrial and Materials']", "is_single_source": "False", "FF_SALES": "595.453520578331", "FF_NET_MGN": "14.344598273176", "FF_DEBT_EQ": "98.1817320130978", "FF_ROIC": "7.66003021342328", "FF_CURR_RATIO": "1.1107503439458", "CURRENCY": "USD", "financial_date": "2014-12-31 00:00:00", "revenue_percent": "", "relationship_start": "", "relationship_source": "", "source_label": "future_new", "ground_truth_label": "1"}, "source_label": "future_new", "relationship_source": "", "revenue_percent": "", "is_single_source": "False", "industry": "Commercial Finance", "top_segments": "['Industrial and Materials']"}
{"context": "[目标公司画像]\n目标ID: 0025F0-E\n公司名: Mercedes-Benz Group AG\n国家: DE\nSIC: N/A\n行业: Commercial Transportation Equipment\n业务段: Industrial and Materials, Finance\n决策年: 2020\n\n[候选供应商画像]\n供应商ID: 05T198-E\n名称: POWER LOGICS Co., Ltd.\n国家: KR\nSIC: N/A\n行业: Hybrid Circuits\n业务段: ['Industrial and Materials', 'Technology']\n单一来源: False\n财务指标: FF_SALES=206244.859477, FF_NET_MGN=-7.36184358024847, FF_DEBT_EQ=23.824857788931, FF_ROIC=-10.8692952103208, FF_CURR_RATIO=1.13971445360425, 货币=KRW, 财报日期=2020-12-31 00:00:00\n关系信息: revenue_percent=N/A, relationship_start=N/A, source=N/A, source_label=future_new", "question": "基于上述目标公司画像和供应商画像，判断在决策年是否应选择该供应商。请只回答 [[1]] 表示选择 或 [[0]] 表示不选择。", "answer": "1", "target_entity_id": "0025F0-E", "supplier_entity_id": "05T198-E", "year": "2020", "target_info": {"target_entity_id": "0025F0-E", "entity_proper_name": "Mercedes-Benz Group AG", "iso_country": "DE", "primary_sic_name": "", "company_id": 19337, "industry": "Commercial Transportation Equipment", "top_segments": ["Industrial and Materials", "Finance"], "cutoff_date": "2020-12-31", "decision_year": 2020, "self_profile": {"factset_entity_id": "0025F0-E", "company_id": 19337, "entity_proper_name": "Mercedes-Benz Group AG", "iso_country": "DE", "primary_sic_name": "", "cutoff_date": "2020-12-31", "industry": "Commercial Transportation Equipment", "top_segments": ["Industrial and Materials", "Finance"]}, "metadata": {"extraction_date": "2025-10-02 21:55:33", "total_suppliers": 1164, "historical_suppliers": 482, "future_new_suppliers": 200, "random_noise_suppliers": 482, "positive_samples": 547, "negative_samples": 617}}, "supplier_raw": {"factset_entity_id": "05T198-E", "entity_proper_name": "POWER LOGICS Co., Ltd.", "iso_country": "KR", "primary_sic_name": "", "company_id": "22434992.0", "industry": "Hybrid Circuits", "top_segments": "['Industrial and Materials', 'Technology']", "is_single_source": "False", "FF_SALES": "206244.859477", "FF_NET_MGN": "-7.36184358024847", "FF_DEBT_EQ": "23.824857788931", "FF_ROIC": "-10.8692952103208", "FF_CURR_RATIO": "1.13971445360425", "CURRENCY": "KRW", "financial_date": "2020-12-31 00:00:00", "revenue_percent": "", "relationship_start": "", "relationship_source": "", "source_label": "future_new", "ground_truth_label": "1"}, "source_label": "future_new", "relationship_source": "", "revenue_percent": "", "is_single_source": "False", "industry": "Hybrid Circuits", "top_segments": "['Industrial and Materials', 'Technology']"}
{"context": "[目标公司画像]\n目标ID: 000C7F-E\n公司名: Apple, Inc.\n国家: US\nSIC: N/A\n行业: Computer Hardware\n业务段: Technology, Consumer\n决策年: 2017\n\n[候选供应商画像]\n供应商ID: 0011FM-E\n名称: Asure Software, Inc.\n国家: US\nSIC: N/A\n行业: Human Resources\n业务段: ['Business and Public Services', 'Technology']\n单一来源: False\n财务指标: FF_SALES=15.308, FF_NET_MGN=-10.0927619545336, FF_DEBT_EQ=118.963841063756, FF_ROIC=-6.59315335246062, FF_CURR_RATIO=1.24479526109961, 货币=USD, 财报日期=2017-12-31 00:00:00\n关系信息: revenue_percent=N/A, relationship_start=2016-05-18 00:00:00, source=factset_revere_relationship, source_label=historical", "question": "基于上述目标公司画像和供应商画像，判断在决策年是否应选择该供应商。请只回答 [[1]] 表示选择 或 [[0]] 表示不选择。", "answer": "1", "target_entity_id": "000C7F-E", "supplier_entity_id": "0011FM-E", "year": "2017", "target_info": {"target_entity_id": "000C7F-E", "entity_proper_name": "Apple, Inc.", "iso_country": "US", "primary_sic_name": "", "company_id": 777, "industry": "Computer Hardware", "top_segments": ["Technology", "Consumer"], "cutoff_date": "2017-12-31", "decision_year": 2017, "self_profile": {"factset_entity_id": "000C7F-E", "company_id": 777, "entity_proper_name": "Apple, Inc.", "iso_country": "US", "primary_sic_name": "", "cutoff_date": "2017-12-31", "industry": "Computer Hardware", "top_segments": ["Technology", "Consumer"]}, "metadata": {"extraction_date": "2025-10-02 04:15:54", "total_suppliers": 532, "historical_suppliers": 201, "future_new_suppliers": 130, "random_noise_suppliers": 201, "positive_samples": 257, "negative_samples": 275}}, "supplier_raw": {"factset_entity_id": "0011FM-E", "entity_proper_name": "Asure Software, Inc.", "iso_country": "US", "primary_sic_name": "", "company_id": "10932.0", "industry": "Human Resources", "top_segments": "['Business and Public Services', 'Technology']", "is_single_source": "False", "FF_SALES": "15.308", "FF_NET_MGN": "-10.0927619545336", "FF_DEBT_EQ": "118.963841063756", "FF_ROIC": "-6.59315335246062", "FF_CURR_RATIO": "1.24479526109961", "CURRENCY": "USD", "financial_date": "2017-12-31 00:00:00", "revenue_percent": "", "relationship_start": "2016-05-18 00:00:00", "relationship_source": "factset_revere_relationship", "source_label": "historical", "ground_truth_label": "1"}, "source_label": "historical", "relationship_source": "factset_revere_relationship", "revenue_percent": "", "is_single_source": "False", "industry": "Human Resources", "top_segments": "['Business and Public Services', 'Technology']"}
{"context": "[目标公司画像]\n目标ID: 000C6B-E\n公司名: Anixter International, Inc.\n国家: US\nSIC: N/A\n行业: Industrial and Materials\n业务段: Industrial and Materials, Technology\n决策年: 2019\n\n[候选供应商画像]\n供应商ID: 0016S2-E\n名称: Westell Technologies, Inc.\n国家: US\nSIC: N/A\n行业: Network Management\n业务段: ['Technology']\n单一来源: False\n财务指标: FF_SALES=7.159, FF_NET_MGN=-21.5672579969269, FF_DEBT_EQ=2.41806263656227, FF_ROIC=-36.0715650678387, FF_CURR_RATIO=4.79661241233294, 货币=USD, 财报日期=2019-12-31 00:00:00\n关系信息: revenue_percent=N/A, relationship_start=2015-08-12 00:00:00, source=factset_revere_relationship, source_label=historical", "question": "基于上述目标公司画像和供应商画像，判断在决策年是否应选择该供应商。请只回答 [[1]] 表示选择 或 [[0]] 表示不选择。", "answer": "1", "target_entity_id": "000C6B-E", "supplier_entity_id": "0016S2-E", "year": "2019", "target_info": {"target_entity_id": "000C6B-E", "entity_proper_name": "Anixter International, Inc.", "iso_country": "US", "primary_sic_name": "", "company_id": 739, "industry": "Industrial and Materials", "top_segments": ["Industrial and Materials", "Technology"], "cutoff_date": "2019-12-31", "decision_year": 2019, "self_profile": {"factset_entity_id": "000C6B-E", "company_id": 739, "entity_proper_name": "Anixter International, Inc.", "iso_country": "US", "primary_sic_name": "", "cutoff_date": "2019-12-31", "industry": "Industrial and Materials", "top_segments": ["Industrial and Materials", "Technology"]}, "metadata": {"extraction_date": "2025-10-03 02:48:19", "total_suppliers": 49, "historical_suppliers": 19, "future_new_suppliers": 11, "random_noise_suppliers": 19, "positive_samples": 22, "negative_samples": 27}}, "supplier_raw": {"factset_entity_id": "0016S2-E", "entity_proper_name": "Westell Technologies, Inc.", "iso_country": "US", "primary_sic_name": "", "company_id": "11081.0", "industry": "Network Management", "top_segments": "['Technology']", "is_single_source": "False", "FF_SALES": "7.159", "FF_NET_MGN": "-21.5672579969269", "FF_DEBT_EQ": "2.41806263656227", "FF_ROIC": "-36.0715650678387", "FF_CURR_RATIO": "4.79661241233294", "CURRENCY": "USD", "financial_date": "2019-12-31 00:00:00", "revenue_percent": "", "relationship_start": "2015-08-12 00:00:00", "relationship_source": "factset_revere_relationship", "source_label": "historical", "ground_truth_label": "1"}, "source_label": "historical", "relationship_source": "factset_revere_relationship", "revenue_percent": "", "is_single_source": "False", "industry": "Network Management", "top_segments": "['Technology']"}
{"context": "[目标公司画像]\n目标ID: 0025F0-E\n公司名: Mercedes-Benz Group AG\n国家: DE\nSIC: N/A\n行业: Commercial Transportation Equipment\n业务段: Industrial and Materials, Finance\n决策年: 2022\n\n[候选供应商画像]\n供应商ID: 05HS8B-E\n名称: LEONI AG\n国家: DE\nSIC: N/A\n行业: Industrial and Materials\n业务段: ['Industrial and Materials']\n单一来源: False\n财务指标: FF_SALES=2297.148687387, FF_NET_MGN=-21.5148031362498, FF_DEBT_EQ=N/A, FF_ROIC=-80.7854107897736, FF_CURR_RATIO=0.640287700437493, 货币=USD, 财报日期=2022-12-31 00:00:00\n关系信息: revenue_percent=N/A, relationship_start=2022-10-17 00:00:00, source=factset_revere_relationship, source_label=future_new", "question": "基于上述目标公司画像和供应商画像，判断在决策年是否应选择该供应商。请只回答 [[1]] 表示选择 或 [[0]] 表示不选择。", "answer": "1", "target_entity_id": "0025F0-E", "supplier_entity_id": "05HS8B-E", "year": "2022", "target_info": {"target_entity_id": "0025F0-E", "entity_proper_name": "Mercedes-Benz Group AG", "iso_country": "DE", "primary_sic_name": "", "company_id": 19337, "industry": "Commercial Transportation Equipment", "top_segments": ["Industrial and Materials", "Finance"], "cutoff_date": "2022-12-31", "decision_year": 2022, "self_profile": {"factset_entity_id": "0025F0-E", "company_id": 19337, "entity_proper_name": "Mercedes-Benz Group AG", "iso_country": "DE", "primary_sic_name": "", "cutoff_date": "2022-12-31", "industry": "Commercial Transportation Equipment", "top_segments": ["Industrial and Materials", "Finance"]}, "metadata": {"extraction_date": "2025-10-03 00:31:19", "total_suppliers": 1345, "historical_suppliers": 547, "future_new_suppliers": 251, "random_noise_suppliers": 547, "positive_samples": 657, "negative_samples": 688}}, "supplier_raw": {"factset_entity_id": "05HS8B-E", "entity_proper_name": "LEONI AG", "iso_country": "DE", "primary_sic_name": "", "company_id": "1788692.0", "industry": "Industrial and Materials", "top_segments": "['Industrial and Materials']", "is_single_source": "False", "FF_SALES": "2297.148687387", "FF_NET_MGN": "-21.5148031362498", "FF_DEBT_EQ": "", "FF_ROIC": "-80.7854107897736", "FF_CURR_RATIO": "0.640287700437493", "CURRENCY": "USD", "financial_date": "2022-12-31 00:00:00", "revenue_percent": "", "relationship_start": "2022-10-17 00:00:00", "relationship_source": "factset_revere_relationship", "source_label": "future_new", "ground_truth_label": "1"}, "source_label": "future_new", "relationship_source": "factset_revere_relationship", "revenue_percent": "", "is_single_source": "False", "industry": "Industrial and Materials", "top_segments": "['Industrial and Materials']"}
{"context": "[目标公司画像]\n目标ID: 002C5D-E\n公司名: Vale SA\n国家: BR\nSIC: N/A\n行业: Latin America\n业务段: Business and Public Services, Industrial and Materials\n决策年: 2019\n\n[候选供应商画像]\n供应商ID: 070J7P-E\n名称: EnviroSuite Ltd.\n国家: AU\nSIC: N/A\n行业: Industrial/Materials\n业务段: ['Business and Public Services']\n单一来源: False\n财务指标: FF_SALES=N/A, FF_NET_MGN=N/A, FF_DEBT_EQ=N/A, FF_ROIC=N/A, FF_CURR_RATIO=N/A, 货币=N/A, 财报日期=N/A\n关系信息: revenue_percent=N/A, relationship_start=N/A, source=N/A, source_label=future_new", "question": "基于上述目标公司画像和供应商画像，判断在决策年是否应选择该供应商。请只回答 [[1]] 表示选择 或 [[0]] 表示不选择。", "answer": "1", "target_entity_id": "002C5D-E", "supplier_entity_id": "070J7P-E", "year": "2019", "target_info": {"target_entity_id": "002C5D-E", "entity_proper_name": "Vale SA", "iso_country": "BR", "primary_sic_name": "", "company_id": 1491943, "industry": "Latin America", "top_segments": ["Business and Public Services", "Industrial and Materials"], "cutoff_date": "2019-12-31", "decision_year": 2019, "self_profile": {"factset_entity_id": "002C5D-E", "company_id": 1491943, "entity_proper_name": "Vale SA", "iso_country": "BR", "primary_sic_name": "", "cutoff_date": "2019-12-31", "industry": "Latin America", "top_segments": ["Business and Public Services", "Industrial and Materials"]}, "metadata": {"extraction_date": "2025-10-02 14:25:09", "total_suppliers": 161, "historical_suppliers": 67, "future_new_suppliers": 27, "random_noise_suppliers": 67, "positive_samples": 67, "negative_samples": 94}}, "supplier_raw": {"factset_entity_id": "070J7P-E", "entity_proper_name": "EnviroSuite Ltd.", "iso_country": "AU", "primary_sic_name": "", "company_id": "22435870.0", "industry": "Industrial/Materials", "top_segments": "['Business and Public Services']", "is_single_source": "False", "FF_SALES": "", "FF_NET_MGN": "", "FF_DEBT_EQ": "", "FF_ROIC": "", "FF_CURR_RATIO": "", "CURRENCY": "", "financial_date": "", "revenue_percent": "", "relationship_start": "", "relationship_source": "", "source_label": "future_new", "ground_truth_label": "1"}, "source_label": "future_new", "relationship_source": "", "revenue_percent": "", "is_single_source": "False", "industry": "Industrial/Materials", "top_segments": "['Business and Public Services']"}
{"context": "[目标公司画像]\n目标ID: 0025F0-E\n公司名: Mercedes-Benz Group AG\n国家: DE\nSIC: N/A\n行业: Commercial Transportation Equipment\n业务段: Industrial and Materials, Finance\n决策年: 2018\n\n[候选供应商画像]\n供应商ID: 05JLY1-E\n名称: Metalart Corp.\n国家: JP\nSIC: N/A\n行业: Natural Resource and Construction Machinery\n业务段: ['Industrial and Materials']\n单一来源: False\n财务指标: FF_SALES=8462.984, FF_NET_MGN=4.46180685205124, FF_DEBT_EQ=36.9374797998157, FF_ROIC=2.46976783086603, FF_CURR_RATIO=1.0253367060025, 货币=JPY, 财报日期=2018-12-31 00:00:00\n关系信息: revenue_percent=N/A, relationship_start=2016-09-20 00:00:00, source=factset_revere_relationship, source_label=historical", "question": "基于上述目标公司画像和供应商画像，判断在决策年是否应选择该供应商。请只回答 [[1]] 表示选择 或 [[0]] 表示不选择。", "answer": "1", "target_entity_id": "0025F0-E", "supplier_entity_id": "05JLY1-E", "year": "2018", "target_info": {"target_entity_id": "0025F0-E", "entity_proper_name": "Mercedes-Benz Group AG", "iso_country": "DE", "primary_sic_name": "", "company_id": 19337, "industry": "Commercial Transportation Equipment", "top_segments": ["Industrial and Materials", "Finance"], "cutoff_date": "2018-12-31", "decision_year": 2018, "self_profile": {"factset_entity_id": "0025F0-E", "company_id": 19337, "entity_proper_name": "Mercedes-Benz Group AG", "iso_country": "DE", "primary_sic_name": "", "cutoff_date": "2018-12-31", "industry": "Commercial Transportation Equipment", "top_segments": ["Industrial and Materials", "Finance"]}, "metadata": {"extraction_date": "2025-10-02 19:33:59", "total_suppliers": 1055, "historical_suppliers": 430, "future_new_suppliers": 195, "random_noise_suppliers": 430, "positive_samples": 482, "negative_samples": 573}}, "supplier_raw": {"factset_entity_id": "05JLY1-E", "entity_proper_name": "Metalart Corp.", "iso_country": "JP", "primary_sic_name": "", "company_id": "22444935.0", "industry": "Natural Resource and Construction Machinery", "top_segments": "['Industrial and Materials']", "is_single_source": "False", "FF_SALES": "8462.984", "FF_NET_MGN": "4.46180685205124", "FF_DEBT_EQ": "36.9374797998157", "FF_ROIC": "2.46976783086603", "FF_CURR_RATIO": "1.0253367060025", "CURRENCY": "JPY", "financial_date": "2018-12-31 00:00:00", "revenue_percent": "", "relationship_start": "2016-09-20 00:00:00", "relationship_source": "factset_revere_relationship", "source_label": "historical", "ground_truth_label": "1"}, "source_label": "historical", "relationship_source": "factset_revere_relationship", "revenue_percent": "", "is_single_source": "False", "industry": "Natural Resource and Construction Machinery", "top_segments": "['Industrial and Materials']"}
{"context": "[目标公司画像]\n目标ID: 0025F0-E\n公司名: Mercedes-Benz Group AG\n国家: DE\nSIC: N/A\n行业: Commercial Transportation Equipment\n业务段: Industrial and Materials, Finance\n决策年: 2022\n\n[候选供应商画像]\n供应商ID: 0H46YK-E\n名称: Ningbo Xusheng Group Co., Ltd.\n国家: CN\nSIC: N/A\n行业: Powertrain\n业务段: ['Unclassifiable', 'Industrial and Materials']\n单一来源: False\n财务指标: FF_SALES=1184.26319071, FF_NET_MGN=18.2436989585457, FF_DEBT_EQ=46.8737666084079, FF_ROIC=12.0533994454128, FF_CURR_RATIO=1.63420838198805, 货币=CNY, 财报日期=2022-12-31 00:00:00\n关系信息: revenue_percent=N/A, relationship_start=2022-03-31 00:00:00, source=factset_revere_relationship, source_label=future_new", "question": "基于上述目标公司画像和供应商画像，判断在决策年是否应选择该供应商。请只回答 [[1]] 表示选择 或 [[0]] 表示不选择。", "answer": "1", "target_entity_id": "0025F0-E", "supplier_entity_id": "0H46YK-E", "year": "2022", "target_info": {"target_entity_id": "0025F0-E", "entity_proper_name": "Mercedes-Benz Group AG", "iso_country": "DE", "primary_sic_name": "", "company_id": 19337, "industry": "Commercial Transportation Equipment", "top_segments": ["Industrial and Materials", "Finance"], "cutoff_date": "2022-12-31", "decision_year": 2022, "self_profile": {"factset_entity_id": "0025F0-E", "company_id": 19337, "entity_proper_name": "Mercedes-Benz Group AG", "iso_country": "DE", "primary_sic_name": "", "cutoff_date": "2022-12-31", "industry": "Commercial Transportation Equipment", "top_segments": ["Industrial and Materials", "Finance"]}, "metadata": {"extraction_date": "2025-10-03 00:31:19", "total_suppliers": 1345, "historical_suppliers": 547, "future_new_suppliers": 251, "random_noise_suppliers": 547, "positive_samples": 657, "negative_samples": 688}}, "supplier_raw": {"factset_entity_id": "0H46YK-E", "entity_proper_name": "Ningbo Xusheng Group Co., Ltd.", "iso_country": "CN", "primary_sic_name": "", "company_id": "110112292.0", "industry": "Powertrain", "top_segments": "['Unclassifiable', 'Industrial and Materials']", "is_single_source": "False", "FF_SALES": "1184.26319071", "FF_NET_MGN": "18.2436989585457", "FF_DEBT_EQ": "46.8737666084079", "FF_ROIC": "12.0533994454128", "FF_CURR_RATIO": "1.63420838198805", "CURRENCY": "CNY", "financial_date": "2022-12-31 00:00:00", "revenue_percent": "", "relationship_start": "2022-03-31 00:00:00", "relationship_source": "factset_revere_relationship", "source_label": "future_new", "ground_truth_label": "1"}, "source_label": "future_new", "relationship_source": "factset_revere_relationship", "revenue_percent": "", "is_single_source": "False", "industry": "Powertrain", "top_segments": "['Unclassifiable', 'Industrial and Materials']"}
{"context": "[目标公司画像]\n目标ID: 000C7F-E\n公司名: Apple, Inc.\n国家: US\nSIC: N/A\n行业: Computer Hardware\n业务段: Technology, Consumer\n决策年: 2017\n\n[候选供应商画像]\n供应商ID: 00848C-E\n名称: Edgio, Inc.\n国家: US\nSIC: N/A\n行业: Web Hosting Services\n业务段: ['Technology']\n单一来源: False\n财务指标: FF_SALES=48.186, FF_NET_MGN=-1.8926659195617, FF_DEBT_EQ=0.0, FF_ROIC=-5.41686042177677, FF_CURR_RATIO=2.04748150757309, 货币=USD, 财报日期=2017-12-31 00:00:00\n关系信息: revenue_percent=N/A, relationship_start=2017-02-23 00:00:00, source=factset_revere_relationship, source_label=historical", "question": "基于上述目标公司画像和供应商画像，判断在决策年是否应选择该供应商。请只回答 [[1]] 表示选择 或 [[0]] 表示不选择。", "answer": "0", "target_entity_id": "000C7F-E", "supplier_entity_id": "00848C-E", "year": "2017", "target_info": {"target_entity_id": "000C7F-E", "entity_proper_name": "Apple, Inc.", "iso_country": "US", "primary_sic_name": "", "company_id": 777, "industry": "Computer Hardware", "top_segments": ["Technology", "Consumer"], "cutoff_date": "2017-12-31", "decision_year": 2017, "self_profile": {"factset_entity_id": "000C7F-E", "company_id": 777, "entity_proper_name": "Apple, Inc.", "iso_country": "US", "primary_sic_name": "", "cutoff_date": "2017-12-31", "industry": "Computer Hardware", "top_segments": ["Technology", "Consumer"]}, "metadata": {"extraction_date": "2025-10-02 04:15:54", "total_suppliers": 532, "historical_suppliers": 201, "future_new_suppliers": 130, "random_noise_suppliers": 201, "positive_samples": 257, "negative_samples": 275}}, "supplier_raw": {"factset_entity_id": "00848C-E", "entity_proper_name": "Edgio, Inc.", "iso_country": "US", "primary_sic_name": "", "company_id": "1817738.0", "industry": "Web Hosting Services", "top_segments": "['Technology']", "is_single_source": "False", "FF_SALES": "48.186", "FF_NET_MGN": "-1.8926659195617", "FF_DEBT_EQ": "0.0", "FF_ROIC": "-5.41686042177677", "FF_CURR_RATIO": "2.04748150757309", "CURRENCY": "USD", "financial_date": "2017-12-31 00:00:00", "revenue_percent": "", "relationship_start": "2017-02-23 00:00:00", "relationship_source": "factset_revere_relationship", "source_label": "historical", "ground_truth_label": "0"}, "source_label": "historical", "relationship_source": "factset_revere_relationship", "revenue_percent": "", "is_single_source": "False", "industry": "Web Hosting Services", "top_segments": "['Technology']"}
{"context": "[目标公司画像]\n目标ID: 000C7F-E\n公司名: Apple, Inc.\n国家: US\nSIC: N/A\n行业: Computer Hardware\n业务段: Technology, Consumer\n决策年: 2019\n\n[候选供应商画像]\n供应商ID: 0CKQCC-E\n名称: Shenzhen Fenda Technology Co., Ltd.\n国家: CN\nSIC: N/A\n行业: Other Small Home Appliances\n业务段: ['Consumer', 'Technology', 'Unclassifiable', 'Industrial and Materials', 'Healthcare']\n单一来源: False\n财务指标: FF_SALES=1033.06537081, FF_NET_MGN=-308.532236110179, FF_DEBT_EQ=55.26338646567, FF_ROIC=-73.990576765508, FF_CURR_RATIO=1.06976046223847, 货币=CNY, 财报日期=2019-12-31 00:00:00\n关系信息: revenue_percent=N/A, relationship_start=2018-08-23 00:00:00, source=factset_revere_relationship, source_label=historical", "question": "基于上述目标公司画像和供应商画像，判断在决策年是否应选择该供应商。请只回答 [[1]] 表示选择 或 [[0]] 表示不选择。", "answer": "1", "target_entity_id": "000C7F-E", "supplier_entity_id": "0CKQCC-E", "year": "2019", "target_info": {"target_entity_id": "000C7F-E", "entity_proper_name": "Apple, Inc.", "iso_country": "US", "primary_sic_name": "", "company_id": 777, "industry": "Computer Hardware", "top_segments": ["Technology", "Consumer"], "cutoff_date": "2019-12-31", "decision_year": 2019, "self_profile": {"factset_entity_id": "000C7F-E", "company_id": 777, "entity_proper_name": "Apple, Inc.", "iso_country": "US", "primary_sic_name": "", "cutoff_date": "2019-12-31", "industry": "Computer Hardware", "top_segments": ["Technology", "Consumer"]}, "metadata": {"extraction_date": "2025-10-02 05:31:13", "total_suppliers": 677, "historical_suppliers": 257, "future_new_suppliers": 163, "random_noise_suppliers": 257, "positive_samples": 327, "negative_samples": 350}}, "supplier_raw": {"factset_entity_id": "0CKQCC-E", "entity_proper_name": "Shenzhen Fenda Technology Co., Ltd.", "iso_country": "CN", "primary_sic_name": "", "company_id": "194531158.0", "industry": "Other Small Home Appliances", "top_segments": "['Consumer', 'Technology', 'Unclassifiable', 'Industrial and Materials', 'Healthcare']", "is_single_source": "False", "FF_SALES": "1033.06537081", "FF_NET_MGN": "-308.532236110179", "FF_DEBT_EQ": "55.26338646567", "FF_ROIC": "-73.990576765508", "FF_CURR_RATIO": "1.06976046223847", "CURRENCY": "CNY", "financial_date": "2019-12-31 00:00:00", "revenue_percent": "", "relationship_start": "2018-08-23 00:00:00", "relationship_source": "factset_revere_relationship", "source_label": "historical", "ground_truth_label": "1"}, "source_label": "historical", "relationship_source": "factset_revere_relationship", "revenue_percent": "", "is_single_source": "False", "industry": "Other Small Home Appliances", "top_segments": "['Consumer', 'Technology', 'Unclassifiable', 'Industrial and Materials', 'Healthcare']"}
{"context": "[目标公司画像]\n目标ID: 0025F0-E\n公司名: Mercedes-Benz Group AG\n国家: DE\nSIC: N/A\n行业: Commercial Transportation Equipment\n业务段: Industrial and Materials, Finance\n决策年: 2021\n\n[候选供应商画像]\n供应商ID: 05J102-E\n名称: Shang Gong Group Co., Ltd.\n国家: CN\nSIC: N/A\n行业: Industry-Specific Factory Machinery\n业务段: ['Industrial and Materials', 'Business and Public Services', 'Unclassifiable', 'Technology']\n单一来源: False\n财务指标: FF_SALES=133.785731893075, FF_NET_MGN=-2.99272997746133, FF_DEBT_EQ=34.2360126096174, FF_ROIC=2.09435621985346, FF_CURR_RATIO=2.04671058231904, 货币=USD, 财报日期=2021-12-31 00:00:00\n关系信息: revenue_percent=N/A, relationship_start=2020-07-04 00:00:00, source=factset_revere_relationship, source_label=historical", "question": "基于上述目标公司画像和供应商画像，判断在决策年是否应选择该供应商。请只回答 [[1]] 表示选择 或 [[0]] 表示不选择。", "answer": "1", "target_entity_id": "0025F0-E", "supplier_entity_id": "05J102-E", "year": "2021", "target_info": {"target_entity_id": "0025F0-E", "entity_proper_name": "Mercedes-Benz Group AG", "iso_country": "DE", "primary_sic_name": "", "company_id": 19337, "industry": "Commercial Transportation Equipment", "top_segments": ["Industrial and Materials", "Finance"], "cutoff_date": "2021-12-31", "decision_year": 2021, "self_profile": {"factset_entity_id": "0025F0-E", "company_id": 19337, "entity_proper_name": "Mercedes-Benz Group AG", "iso_country": "DE", "primary_sic_name": "", "cutoff_date": "2021-12-31", "industry": "Commercial Transportation Equipment", "top_segments": ["Industrial and Materials", "Finance"]}, "metadata": {"extraction_date": "2025-10-02 23:10:04", "total_suppliers": 1217, "historical_suppliers": 509, "future_new_suppliers": 199, "random_noise_suppliers": 509, "positive_samples": 572, "negative_samples": 645}}, "supplier_raw": {"factset_entity_id": "05J102-E", "entity_proper_name": "Shang Gong Group Co., Ltd.", "iso_country": "CN", "primary_sic_name": "", "company_id": "1870925.0", "industry": "Industry-Specific Factory Machinery", "top_segments": "['Industrial and Materials', 'Business and Public Services', 'Unclassifiable', 'Technology']", "is_single_source": "False", "FF_SALES": "133.785731893075", "FF_NET_MGN": "-2.99272997746133", "FF_DEBT_EQ": "34.2360126096174", "FF_ROIC": "2.09435621985346", "FF_CURR_RATIO": "2.04671058231904", "CURRENCY": "USD", "financial_date": "2021-12-31 00:00:00", "revenue_percent": "", "relationship_start": "2020-07-04 00:00:00", "relationship_source": "factset_revere_relationship", "source_label": "historical", "ground_truth_label": "1"}, "source_label": "historical", "relationship_source": "factset_revere_relationship", "revenue_percent": "", "is_single_source": "False", "industry": "Industry-Specific Factory Machinery", "top_segments": "['Industrial and Materials', 'Business and Public Services', 'Unclassifiable', 'Technology']"}
{"context": "[目标公司画像]\n目标ID: 000C35-E\n公司名: Amgen, Inc.\n国家: US\nSIC: N/A\n行业: Vascular (Migraine)\n业务段: Healthcare\n决策年: 2019\n\n[候选供应商画像]\n供应商ID: 08V0XH-E\n名称: ID Logistics Group\n国家: FR\nSIC: N/A\n行业: Pipelines, Except Natural Gas\n业务段: []\n单一来源: False\n财务指标: FF_SALES=149.4, FF_NET_MGN=0.0, FF_DEBT_EQ=17.7034646238734, FF_ROIC=N/A, FF_CURR_RATIO=0.883535656047833, 货币=EUR, 财报日期=2012-12-31 00:00:00\n关系信息: revenue_percent=N/A, relationship_start=N/A, source=N/A, source_label=future_new", "question": "基于上述目标公司画像和供应商画像，判断在决策年是否应选择该供应商。请只回答 [[1]] 表示选择 或 [[0]] 表示不选择。", "answer": "1", "target_entity_id": "000C35-E", "supplier_entity_id": "08V0XH-E", "year": "2019", "target_info": {"target_entity_id": "000C35-E", "entity_proper_name": "Amgen, Inc.", "iso_country": "US", "primary_sic_name": "", "company_id": 660, "industry": "Vascular (Migraine)", "top_segments": ["Healthcare"], "cutoff_date": "2019-12-31", "decision_year": 2019, "self_profile": {"factset_entity_id": "000C35-E", "company_id": 660, "entity_proper_name": "Amgen, Inc.", "iso_country": "US", "primary_sic_name": "", "cutoff_date": "2019-12-31", "industry": "Vascular (Migraine)", "top_segments": ["Healthcare"]}, "metadata": {"extraction_date": "2025-10-03 01:54:31", "total_suppliers": 125, "historical_suppliers": 52, "future_new_suppliers": 21, "random_noise_suppliers": 52, "positive_samples": 57, "negative_samples": 68}}, "supplier_raw": {"factset_entity_id": "08V0XH-E", "entity_proper_name": "ID Logistics Group", "iso_country": "FR", "primary_sic_name": "", "company_id": "194530758.0", "industry": "Pipelines, Except Natural Gas", "top_segments": "[]", "is_single_source": "False", "FF_SALES": "149.4", "FF_NET_MGN": "0.0", "FF_DEBT_EQ": "17.7034646238734", "FF_ROIC": "", "FF_CURR_RATIO": "0.883535656047833", "CURRENCY": "EUR", "financial_date": "2012-12-31 00:00:00", "revenue_percent": "", "relationship_start": "", "relationship_source": "", "source_label": "future_new", "ground_truth_label": "1"}, "source_label": "future_new", "relationship_source": "", "revenue_percent": "", "is_single_source": "False", "industry": "Pipelines, Except Natural Gas", "top_segments": "[]"}
{"context": "[目标公司画像]\n目标ID: 000FFC-E\n公司名: CSX Corp.\n国家: US\nSIC: N/A\n行业: Rail Transportation\n业务段: Business and Public Services\n决策年: 2022\n\n[候选供应商画像]\n供应商ID: 0PPLTF-E\n名称: Fiscalnote Holdings, Inc.\n国家: US\nSIC: N/A\n行业: Conferencing/Collaboration Tools\n业务段: ['Business and Public Services', 'Technology', 'Consumer']\n单一来源: False\n财务指标: FF_SALES=N/A, FF_NET_MGN=N/A, FF_DEBT_EQ=N/A, FF_ROIC=N/A, FF_CURR_RATIO=N/A, 货币=N/A, 财报日期=N/A\n关系信息: revenue_percent=N/A, relationship_start=2022-10-21 00:00:00, source=factset_revere_relationship, source_label=future_new", "question": "基于上述目标公司画像和供应商画像，判断在决策年是否应选择该供应商。请只回答 [[1]] 表示选择 或 [[0]] 表示不选择。", "answer": "1", "target_entity_id": "000FFC-E", "supplier_entity_id": "0PPLTF-E", "year": "2022", "target_info": {"target_entity_id": "000FFC-E", "entity_proper_name": "CSX Corp.", "iso_country": "US", "primary_sic_name": "", "company_id": 2880, "industry": "Rail Transportation", "top_segments": ["Business and Public Services"], "cutoff_date": "2022-12-31", "decision_year": 2022, "self_profile": {"factset_entity_id": "000FFC-E", "company_id": 2880, "entity_proper_name": "CSX Corp.", "iso_country": "US", "primary_sic_name": "", "cutoff_date": "2022-12-31", "industry": "Rail Transportation", "top_segments": ["Business and Public Services"]}, "metadata": {"extraction_date": "2025-10-03 04:44:58", "total_suppliers": 28, "historical_suppliers": 11, "future_new_suppliers": 6, "random_noise_suppliers": 11, "positive_samples": 15, "negative_samples": 13}}, "supplier_raw": {"factset_entity_id": "0PPLTF-E", "entity_proper_name": "Fiscalnote Holdings, Inc.", "iso_country": "US", "primary_sic_name": "", "company_id": "163242343.0", "industry": "Conferencing/Collaboration Tools", "top_segments": "['Business and Public Services', 'Technology', 'Consumer']", "is_single_source": "False", "FF_SALES": "", "FF_NET_MGN": "", "FF_DEBT_EQ": "", "FF_ROIC": "", "FF_CURR_RATIO": "", "CURRENCY": "", "financial_date": "", "revenue_percent": "", "relationship_start": "2022-10-21 00:00:00", "relationship_source": "factset_revere_relationship", "source_label": "future_new", "ground_truth_label": "1"}, "source_label": "future_new", "relationship_source": "factset_revere_relationship", "revenue_percent": "", "is_single_source": "False", "industry": "Conferencing/Collaboration Tools", "top_segments": "['Business and Public Services', 'Technology', 'Consumer']"}
{"context": "[目标公司画像]\n目标ID: 003B1C-E\n公司名: Bunge Ltd.\n国家: US\nSIC: N/A\n行业: Consumer Products and Services\n业务段: Consumer, Industrial and Materials, Unclassifiable\n决策年: 2016\n\n[候选供应商画像]\n供应商ID: 05VNRB-E\n名称: ALL América Latina Logística SA\n国家: BR\nSIC: N/A\n行业: Road Transportation Infrastructure and Support\n业务段: ['Business and Public Services']\n单一来源: False\n财务指标: FF_SALES=195.902859, FF_NET_MGN=2.61011708869445, FF_DEBT_EQ=0.326011428104974, FF_ROIC=7.4092368377907, FF_CURR_RATIO=8.32659250896996, 货币=THB, 财报日期=2016-12-31 00:00:00\n关系信息: revenue_percent=N/A, relationship_start=2015-05-07 00:00:00, source=factset_revere_relationship, source_label=historical", "question": "基于上述目标公司画像和供应商画像，判断在决策年是否应选择该供应商。请只回答 [[1]] 表示选择 或 [[0]] 表示不选择。", "answer": "0", "target_entity_id": "003B1C-E", "supplier_entity_id": "05VNRB-E", "year": "2016", "target_info": {"target_entity_id": "003B1C-E", "entity_proper_name": "Bunge Ltd.", "iso_country": "US", "primary_sic_name": "", "company_id": 1399945, "industry": "Consumer Products and Services", "top_segments": ["Consumer", "Industrial and Materials", "Unclassifiable"], "cutoff_date": "2016-12-31", "decision_year": 2016, "self_profile": {"factset_entity_id": "003B1C-E", "company_id": 1399945, "entity_proper_name": "Bunge Ltd.", "iso_country": "US", "primary_sic_name": "", "cutoff_date": "2016-12-31", "industry": "Consumer Products and Services", "top_segments": ["Consumer", "Industrial and Materials", "Unclassifiable"]}, "metadata": {"extraction_date": "2025-10-03 00:42:11", "total_suppliers": 58, "historical_suppliers": 22, "future_new_suppliers": 14, "random_noise_suppliers": 22, "positive_samples": 32, "negative_samples": 26}}, "supplier_raw": {"factset_entity_id": "05VNRB-E", "entity_proper_name": "ALL América Latina Logística SA", "iso_country": "BR", "primary_sic_name": "", "company_id": "20140666.0", "industry": "Road Transportation Infrastructure and Support", "top_segments": "['Business and Public Services']", "is_single_source": "False", "FF_SALES": "195.902859", "FF_NET_MGN": "2.61011708869445", "FF_DEBT_EQ": "0.326011428104974", "FF_ROIC": "7.4092368377907", "FF_CURR_RATIO": "8.32659250896996", "CURRENCY": "THB", "financial_date": "2016-12-31 00:00:00", "revenue_percent": "", "relationship_start": "2015-05-07 00:00:00", "relationship_source": "factset_revere_relationship", "source_label": "historical", "ground_truth_label": "0"}, "source_label": "historical", "relationship_source": "factset_revere_relationship", "revenue_percent": "", "is_single_source": "False", "industry": "Road Transportation Infrastructure and Support", "top_segments": "['Business and Public Services']"}
{"context": "[目标公司画像]\n目标ID: 0025F0-E\n公司名: Mercedes-Benz Group AG\n国家: DE\nSIC: N/A\n行业: Commercial Transportation Equipment\n业务段: Industrial and Materials, Finance\n决策年: 2022\n\n[候选供应商画像]\n供应商ID: 0G4Z1M-E\n名称: WISeKey International Holding Ltd.\n国家: CH\nSIC: N/A\n行业: Network Security\n业务段: ['Technology']\n单一来源: False\n财务指标: FF_SALES=N/A, FF_NET_MGN=N/A, FF_DEBT_EQ=N/A, FF_ROIC=N/A, FF_CURR_RATIO=N/A, 货币=N/A, 财报日期=N/A\n关系信息: revenue_percent=N/A, relationship_start=2021-05-21 00:00:00, source=factset_revere_relationship, source_label=historical", "question": "基于上述目标公司画像和供应商画像，判断在决策年是否应选择该供应商。请只回答 [[1]] 表示选择 或 [[0]] 表示不选择。", "answer": "0", "target_entity_id": "0025F0-E", "supplier_entity_id": "0G4Z1M-E", "year": "2022", "target_info": {"target_entity_id": "0025F0-E", "entity_proper_name": "Mercedes-Benz Group AG", "iso_country": "DE", "primary_sic_name": "", "company_id": 19337, "industry": "Commercial Transportation Equipment", "top_segments": ["Industrial and Materials", "Finance"], "cutoff_date": "2022-12-31", "decision_year": 2022, "self_profile": {"factset_entity_id": "0025F0-E", "company_id": 19337, "entity_proper_name": "Mercedes-Benz Group AG", "iso_country": "DE", "primary_sic_name": "", "cutoff_date": "2022-12-31", "industry": "Commercial Transportation Equipment", "top_segments": ["Industrial and Materials", "Finance"]}, "metadata": {"extraction_date": "2025-10-03 00:31:19", "total_suppliers": 1345, "historical_suppliers": 547, "future_new_suppliers": 251, "random_noise_suppliers": 547, "positive_samples": 657, "negative_samples": 688}}, "supplier_raw": {"factset_entity_id": "0G4Z1M-E", "entity_proper_name": "WISeKey International Holding Ltd.", "iso_country": "CH", "primary_sic_name": "", "company_id": "89006950.0", "industry": "Network Security", "top_segments": "['Technology']", "is_single_source": "False", "FF_SALES": "", "FF_NET_MGN": "", "FF_DEBT_EQ": "", "FF_ROIC": "", "FF_CURR_RATIO": "", "CURRENCY": "", "financial_date": "", "revenue_percent": "", "relationship_start": "2021-05-21 00:00:00", "relationship_source": "factset_revere_relationship", "source_label": "historical", "ground_truth_label": "0"}, "source_label": "historical", "relationship_source": "factset_revere_relationship", "revenue_percent": "", "is_single_source": "False", "industry": "Network Security", "top_segments": "['Technology']"}
{"context": "[目标公司画像]\n目标ID: 000C7F-E\n公司名: Apple, Inc.\n国家: US\nSIC: N/A\n行业: Computer Hardware\n业务段: Technology, Consumer\n决策年: 2016\n\n[候选供应商画像]\n供应商ID: 002ZJ7-E\n名称: Dialog Semiconductor Plc\n国家: GB\nSIC: N/A\n行业: Oil And Gas Extraction\n业务段: []\n单一来源: False\n财务指标: FF_SALES=0.068, FF_NET_MGN=-12570.5882352941, FF_DEBT_EQ=83.6521232474134, FF_ROIC=-83.5088792199759, FF_CURR_RATIO=4.99537170512293, 货币=USD, 财报日期=2016-12-31 00:00:00\n关系信息: revenue_percent=N/A, relationship_start=N/A, source=N/A, source_label=historical", "question": "基于上述目标公司画像和供应商画像，判断在决策年是否应选择该供应商。请只回答 [[1]] 表示选择 或 [[0]] 表示不选择。", "answer": "1", "target_entity_id": "000C7F-E", "supplier_entity_id": "002ZJ7-E", "year": "2016", "target_info": {"target_entity_id": "000C7F-E", "entity_proper_name": "Apple, Inc.", "iso_country": "US", "primary_sic_name": "", "company_id": 777, "industry": "Computer Hardware", "top_segments": ["Technology", "Consumer"], "cutoff_date": "2016-12-31", "decision_year": 2016, "self_profile": {"factset_entity_id": "000C7F-E", "company_id": 777, "entity_proper_name": "Apple, Inc.", "iso_country": "US", "primary_sic_name": "", "cutoff_date": "2016-12-31", "industry": "Computer Hardware", "top_segments": ["Technology", "Consumer"]}, "metadata": {"extraction_date": "2025-10-02 03:44:10", "total_suppliers": 467, "historical_suppliers": 173, "future_new_suppliers": 121, "random_noise_suppliers": 173, "positive_samples": 234, "negative_samples": 233}}, "supplier_raw": {"factset_entity_id": "002ZJ7-E", "entity_proper_name": "Dialog Semiconductor Plc", "iso_country": "GB", "primary_sic_name": "", "company_id": "242817.0", "industry": "Oil And Gas Extraction", "top_segments": "[]", "is_single_source": "False", "FF_SALES": "0.068", "FF_NET_MGN": "-12570.5882352941", "FF_DEBT_EQ": "83.6521232474134", "FF_ROIC": "-83.5088792199759", "FF_CURR_RATIO": "4.99537170512293", "CURRENCY": "USD", "financial_date": "2016-12-31 00:00:00", "revenue_percent": "", "relationship_start": "", "relationship_source": "", "source_label": "historical", "ground_truth_label": "1"}, "source_label": "historical", "relationship_source": "", "revenue_percent": "", "is_single_source": "False", "industry": "Oil And Gas Extraction", "top_segments": "[]"}
{"context": "[目标公司画像]\n目标ID: 0025F0-E\n公司名: Mercedes-Benz Group AG\n国家: DE\nSIC: N/A\n行业: Commercial Transportation Equipment\n业务段: Industrial and Materials, Finance\n决策年: 2022\n\n[候选供应商画像]\n供应商ID: 0DMWRC-E\n名称: Federal-Mogul Holdings LLC\n国家: US\nSIC: N/A\n行业: Industrial and Materials\n业务段: ['Industrial and Materials']\n单一来源: False\n财务指标: FF_SALES=1788.0, FF_NET_MGN=0.0559284116331096, FF_DEBT_EQ=409.891598915989, FF_ROIC=2.24196855775803, FF_CURR_RATIO=1.71645997745209, 货币=USD, 财报日期=2016-12-31 00:00:00\n关系信息: revenue_percent=N/A, relationship_start=2017-01-30 00:00:00, source=factset_revere_relationship, source_label=historical", "question": "基于上述目标公司画像和供应商画像，判断在决策年是否应选择该供应商。请只回答 [[1]] 表示选择 或 [[0]] 表示不选择。", "answer": "1", "target_entity_id": "0025F0-E", "supplier_entity_id": "0DMWRC-E", "year": "2022", "target_info": {"target_entity_id": "0025F0-E", "entity_proper_name": "Mercedes-Benz Group AG", "iso_country": "DE", "primary_sic_name": "", "company_id": 19337, "industry": "Commercial Transportation Equipment", "top_segments": ["Industrial and Materials", "Finance"], "cutoff_date": "2022-12-31", "decision_year": 2022, "self_profile": {"factset_entity_id": "0025F0-E", "company_id": 19337, "entity_proper_name": "Mercedes-Benz Group AG", "iso_country": "DE", "primary_sic_name": "", "cutoff_date": "2022-12-31", "industry": "Commercial Transportation Equipment", "top_segments": ["Industrial and Materials", "Finance"]}, "metadata": {"extraction_date": "2025-10-03 00:31:19", "total_suppliers": 1345, "historical_suppliers": 547, "future_new_suppliers": 251, "random_noise_suppliers": 547, "positive_samples": 657, "negative_samples": 688}}, "supplier_raw": {"factset_entity_id": "0DMWRC-E", "entity_proper_name": "Federal-Mogul Holdings LLC", "iso_country": "US", "primary_sic_name": "", "company_id": "16051300.0", "industry": "Industrial and Materials", "top_segments": "['Industrial and Materials']", "is_single_source": "False", "FF_SALES": "1788.0", "FF_NET_MGN": "0.0559284116331096", "FF_DEBT_EQ": "409.891598915989", "FF_ROIC": "2.24196855775803", "FF_CURR_RATIO": "1.71645997745209", "CURRENCY": "USD", "financial_date": "2016-12-31 00:00:00", "revenue_percent": "", "relationship_start": "2017-01-30 00:00:00", "relationship_source": "factset_revere_relationship", "source_label": "historical", "ground_truth_label": "1"}, "source_label": "historical", "relationship_source": "factset_revere_relationship", "revenue_percent": "", "is_single_source": "False", "industry": "Industrial and Materials", "top_segments": "['Industrial and Materials']"}
{"context": "[目标公司画像]\n目标ID: 0016FD-E\n公司名: Citrix Systems, Inc.\n国家: US\nSIC: N/A\n行业: Software\n业务段: Technology\n决策年: 2016\n\n[候选供应商画像]\n供应商ID: 009D1Y-E\n名称: Allied American Steel Corp.\n国家: US\nSIC: N/A\n行业: Mining\n业务段: ['Industrial and Materials']\n单一来源: False\n财务指标: FF_SALES=0.0, FF_NET_MGN=N/A, FF_DEBT_EQ=N/A, FF_ROIC=N/A, FF_CURR_RATIO=0.0, 货币=USD, 财报日期=2013-06-30 00:00:00\n关系信息: revenue_percent=N/A, relationship_start=N/A, source=N/A, source_label=random_noise", "question": "基于上述目标公司画像和供应商画像，判断在决策年是否应选择该供应商。请只回答 [[1]] 表示选择 或 [[0]] 表示不选择。", "answer": "0", "target_entity_id": "0016FD-E", "supplier_entity_id": "009D1Y-E", "year": "2016", "target_info": {"target_entity_id": "0016FD-E", "entity_proper_name": "Citrix Systems, Inc.", "iso_country": "US", "primary_sic_name": "", "company_id": 2307, "industry": "Software", "top_segments": ["Technology"], "cutoff_date": "2016-12-31", "decision_year": 2016, "self_profile": {"factset_entity_id": "0016FD-E", "company_id": 2307, "entity_proper_name": "Citrix Systems, Inc.", "iso_country": "US", "primary_sic_name": "", "cutoff_date": "2016-12-31", "industry": "Software", "top_segments": ["Technology"]}, "metadata": {"extraction_date": "2025-10-03 03:49:18", "total_suppliers": 44, "historical_suppliers": 16, "future_new_suppliers": 12, "random_noise_suppliers": 16, "positive_samples": 21, "negative_samples": 23}}, "supplier_raw": {"factset_entity_id": "009D1Y-E", "entity_proper_name": "Allied American Steel Corp.", "iso_country": "US", "primary_sic_name": "", "company_id": "194525957.0", "industry": "Mining", "top_segments": "['Industrial and Materials']", "is_single_source": "False", "FF_SALES": "0.0", "FF_NET_MGN": "", "FF_DEBT_EQ": "", "FF_ROIC": "", "FF_CURR_RATIO": "0.0", "CURRENCY": "USD", "financial_date": "2013-06-30 00:00:00", "revenue_percent": "", "relationship_start": "", "relationship_source": "", "source_label": "random_noise", "ground_truth_label": "0"}, "source_label": "random_noise", "relationship_source": "", "revenue_percent": "", "is_single_source": "False", "industry": "Mining", "top_segments": "['Industrial and Materials']"}
{"context": "[目标公司画像]\n目标ID: 000C7F-E\n公司名: Apple, Inc.\n国家: US\nSIC: N/A\n行业: Computer Hardware\n业务段: Technology, Consumer\n决策年: 2021\n\n[候选供应商画像]\n供应商ID: 0NZF42-E\n名称: Rockley Photonics Holdings Ltd.\n国家: GB\nSIC: N/A\n行业: Electronic Components\n业务段: ['Technology']\n单一来源: False\n财务指标: FF_SALES=N/A, FF_NET_MGN=N/A, FF_DEBT_EQ=N/A, FF_ROIC=N/A, FF_CURR_RATIO=N/A, 货币=N/A, 财报日期=N/A\n关系信息: revenue_percent=N/A, relationship_start=N/A, source=N/A, source_label=future_new", "question": "基于上述目标公司画像和供应商画像，判断在决策年是否应选择该供应商。请只回答 [[1]] 表示选择 或 [[0]] 表示不选择。", "answer": "1", "target_entity_id": "000C7F-E", "supplier_entity_id": "0NZF42-E", "year": "2021", "target_info": {"target_entity_id": "000C7F-E", "entity_proper_name": "Apple, Inc.", "iso_country": "US", "primary_sic_name": "", "company_id": 777, "industry": "Computer Hardware", "top_segments": ["Technology", "Consumer"], "cutoff_date": "2021-12-31", "decision_year": 2021, "self_profile": {"factset_entity_id": "000C7F-E", "company_id": 777, "entity_proper_name": "Apple, Inc.", "iso_country": "US", "primary_sic_name": "", "cutoff_date": "2021-12-31", "industry": "Computer Hardware", "top_segments": ["Technology", "Consumer"]}, "metadata": {"extraction_date": "2025-10-02 06:59:15", "total_suppliers": 798, "historical_suppliers": 327, "future_new_suppliers": 144, "random_noise_suppliers": 327, "positive_samples": 348, "negative_samples": 450}}, "supplier_raw": {"factset_entity_id": "0NZF42-E", "entity_proper_name": "Rockley Photonics Holdings Ltd.", "iso_country": "GB", "primary_sic_name": "", "company_id": "178641162.0", "industry": "Electronic Components", "top_segments": "['Technology']", "is_single_source": "False", "FF_SALES": "", "FF_NET_MGN": "", "FF_DEBT_EQ": "", "FF_ROIC": "", "FF_CURR_RATIO": "", "CURRENCY": "", "financial_date": "", "revenue_percent": "", "relationship_start": "", "relationship_source": "", "source_label": "future_new", "ground_truth_label": "1"}, "source_label": "future_new", "relationship_source": "", "revenue_percent": "", "is_single_source": "False", "industry": "Electronic Components", "top_segments": "['Technology']"}
{"context": "[目标公司画像]\n目标ID: 000C35-E\n公司名: Amgen, Inc.\n国家: US\nSIC: N/A\n行业: Vascular (Migraine)\n业务段: Healthcare\n决策年: 2020\n\n[候选供应商画像]\n供应商ID: 0B3YHW-E\n名称: Instem Plc\n国家: GB\nSIC: N/A\n行业: Software\n业务段: ['Technology']\n单一来源: False\n财务指标: FF_SALES=N/A, FF_NET_MGN=N/A, FF_DEBT_EQ=N/A, FF_ROIC=N/A, FF_CURR_RATIO=N/A, 货币=N/A, 财报日期=N/A\n关系信息: revenue_percent=N/A, relationship_start=N/A, source=N/A, source_label=future_new", "question": "基于上述目标公司画像和供应商画像，判断在决策年是否应选择该供应商。请只回答 [[1]] 表示选择 或 [[0]] 表示不选择。", "answer": "1", "target_entity_id": "000C35-E", "supplier_entity_id": "0B3YHW-E", "year": "2020", "target_info": {"target_entity_id": "000C35-E", "entity_proper_name": "Amgen, Inc.", "iso_country": "US", "primary_sic_name": "", "company_id": 660, "industry": "Vascular (Migraine)", "top_segments": ["Healthcare"], "cutoff_date": "2020-12-31", "decision_year": 2020, "self_profile": {"factset_entity_id": "000C35-E", "company_id": 660, "entity_proper_name": "Amgen, Inc.", "iso_country": "US", "primary_sic_name": "", "cutoff_date": "2020-12-31", "industry": "Vascular (Migraine)", "top_segments": ["Healthcare"]}, "metadata": {"extraction_date": "2025-10-03 02:04:52", "total_suppliers": 140, "historical_suppliers": 59, "future_new_suppliers": 22, "random_noise_suppliers": 59, "positive_samples": 60, "negative_samples": 80}}, "supplier_raw": {"factset_entity_id": "0B3YHW-E", "entity_proper_name": "Instem Plc", "iso_country": "GB", "primary_sic_name": "", "company_id": "194525650.0", "industry": "Software", "top_segments": "['Technology']", "is_single_source": "False", "FF_SALES": "", "FF_NET_MGN": "", "FF_DEBT_EQ": "", "FF_ROIC": "", "FF_CURR_RATIO": "", "CURRENCY": "", "financial_date": "", "revenue_percent": "", "relationship_start": "", "relationship_source": "", "source_label": "future_new", "ground_truth_label": "1"}, "source_label": "future_new", "relationship_source": "", "revenue_percent": "", "is_single_source": "False", "industry": "Software", "top_segments": "['Technology']"}
{"context": "[目标公司画像]\n目标ID: 000C7F-E\n公司名: Apple, Inc.\n国家: US\nSIC: N/A\n行业: Computer Hardware\n业务段: Technology, Consumer\n决策年: 2015\n\n[候选供应商画像]\n供应商ID: 05HWPF-E\n名称: LG Chem Ltd.\n国家: KR\nSIC: N/A\n行业: Healthcare\n业务段: ['Industrial and Materials', 'Healthcare']\n单一来源: False\n财务指标: FF_SALES=4355.17289049405, FF_NET_MGN=4.17280516764902, FF_DEBT_EQ=20.465020688583, FF_ROIC=8.78968229104568, FF_CURR_RATIO=1.80363393812145, 货币=USD, 财报日期=2015-12-31 00:00:00\n关系信息: revenue_percent=N/A, relationship_start=2014-07-14 00:00:00, source=factset_revere_relationship, source_label=historical", "question": "基于上述目标公司画像和供应商画像，判断在决策年是否应选择该供应商。请只回答 [[1]] 表示选择 或 [[0]] 表示不选择。", "answer": "0", "target_entity_id": "000C7F-E", "supplier_entity_id": "05HWPF-E", "year": "2015", "target_info": {"target_entity_id": "000C7F-E", "entity_proper_name": "Apple, Inc.", "iso_country": "US", "primary_sic_name": "", "company_id": 777, "industry": "Computer Hardware", "top_segments": ["Technology", "Consumer"], "cutoff_date": "2015-12-31", "decision_year": 2015, "self_profile": {"factset_entity_id": "000C7F-E", "company_id": 777, "entity_proper_name": "Apple, Inc.", "iso_country": "US", "primary_sic_name": "", "cutoff_date": "2015-12-31", "industry": "Computer Hardware", "top_segments": ["Technology", "Consumer"]}, "metadata": {"extraction_date": "2025-10-02 03:15:33", "total_suppliers": 384, "historical_suppliers": 130, "future_new_suppliers": 124, "random_noise_suppliers": 130, "positive_samples": 201, "negative_samples": 183}}, "supplier_raw": {"factset_entity_id": "05HWPF-E", "entity_proper_name": "LG Chem Ltd.", "iso_country": "KR", "primary_sic_name": "", "company_id": "1858689.0", "industry": "Healthcare", "top_segments": "['Industrial and Materials', 'Healthcare']", "is_single_source": "False", "FF_SALES": "4355.17289049405", "FF_NET_MGN": "4.17280516764902", "FF_DEBT_EQ": "20.465020688583", "FF_ROIC": "8.78968229104568", "FF_CURR_RATIO": "1.80363393812145", "CURRENCY": "USD", "financial_date": "2015-12-31 00:00:00", "revenue_percent": "", "relationship_start": "2014-07-14 00:00:00", "relationship_source": "factset_revere_relationship", "source_label": "historical", "ground_truth_label": "0"}, "source_label": "historical", "relationship_source": "factset_revere_relationship", "revenue_percent": "", "is_single_source": "False", "industry": "Healthcare", "top_segments": "['Industrial and Materials', 'Healthcare']"}
{"context": "[目标公司画像]\n目标ID: 0025F0-E\n公司名: Mercedes-Benz Group AG\n国家: DE\nSIC: N/A\n行业: Commercial Transportation Equipment\n业务段: Industrial and Materials, Finance\n决策年: 2019\n\n[候选供应商画像]\n供应商ID: 05MRMQ-E\n名称: TOP Engineering Co., Ltd\n国家: KR\nSIC: N/A\n行业: Front End Processing\n业务段: ['Technology']\n单一来源: False\n财务指标: FF_SALES=272455.628349, FF_NET_MGN=0.546563114890948, FF_DEBT_EQ=42.0453205362134, FF_ROIC=18.2079967198719, FF_CURR_RATIO=1.60474444488264, 货币=KRW, 财报日期=2019-12-31 00:00:00\n关系信息: revenue_percent=N/A, relationship_start=2019-11-19 00:00:00, source=factset_revere_relationship, source_label=future_new", "question": "基于上述目标公司画像和供应商画像，判断在决策年是否应选择该供应商。请只回答 [[1]] 表示选择 或 [[0]] 表示不选择。", "answer": "1", "target_entity_id": "0025F0-E", "supplier_entity_id": "05MRMQ-E", "year": "2019", "target_info": {"target_entity_id": "0025F0-E", "entity_proper_name": "Mercedes-Benz Group AG", "iso_country": "DE", "primary_sic_name": "", "company_id": 19337, "industry": "Commercial Transportation Equipment", "top_segments": ["Industrial and Materials", "Finance"], "cutoff_date": "2019-12-31", "decision_year": 2019, "self_profile": {"factset_entity_id": "0025F0-E", "company_id": 19337, "entity_proper_name": "Mercedes-Benz Group AG", "iso_country": "DE", "primary_sic_name": "", "cutoff_date": "2019-12-31", "industry": "Commercial Transportation Equipment", "top_segments": ["Industrial and Materials", "Finance"]}, "metadata": {"extraction_date": "2025-10-02 20:44:07", "total_suppliers": 1124, "historical_suppliers": 467, "future_new_suppliers": 190, "random_noise_suppliers": 467, "positive_samples": 509, "negative_samples": 615}}, "supplier_raw": {"factset_entity_id": "05MRMQ-E", "entity_proper_name": "TOP Engineering Co., Ltd", "iso_country": "KR", "primary_sic_name": "", "company_id": "22434844.0", "industry": "Front End Processing", "top_segments": "['Technology']", "is_single_source": "False", "FF_SALES": "272455.628349", "FF_NET_MGN": "0.546563114890948", "FF_DEBT_EQ": "42.0453205362134", "FF_ROIC": "18.2079967198719", "FF_CURR_RATIO": "1.60474444488264", "CURRENCY": "KRW", "financial_date": "2019-12-31 00:00:00", "revenue_percent": "", "relationship_start": "2019-11-19 00:00:00", "relationship_source": "factset_revere_relationship", "source_label": "future_new", "ground_truth_label": "1"}, "source_label": "future_new", "relationship_source": "factset_revere_relationship", "revenue_percent": "", "is_single_source": "False", "industry": "Front End Processing", "top_segments": "['Technology']"}
{"context": "[目标公司画像]\n目标ID: 000C7F-E\n公司名: Apple, Inc.\n国家: US\nSIC: N/A\n行业: Computer Hardware\n业务段: Technology, Consumer\n决策年: 2021\n\n[候选供应商画像]\n供应商ID: 0095YG-E\n名称: Minera IRL Ltd.\n国家: PE\nSIC: N/A\n行业: Industrial and Materials\n业务段: ['Industrial and Materials']\n单一来源: False\n财务指标: FF_SALES=12.1700000001556, FF_NET_MGN=10.7888249794577, FF_DEBT_EQ=105.235381850166, FF_ROIC=-0.253222987910811, FF_CURR_RATIO=0.746115077698444, 货币=USD, 财报日期=2021-12-31 00:00:00\n关系信息: revenue_percent=N/A, relationship_start=N/A, source=N/A, source_label=random_noise", "question": "基于上述目标公司画像和供应商画像，判断在决策年是否应选择该供应商。请只回答 [[1]] 表示选择 或 [[0]] 表示不选择。", "answer": "0", "target_entity_id": "000C7F-E", "supplier_entity_id": "0095YG-E", "year": "2021", "target_info": {"target_entity_id": "000C7F-E", "entity_proper_name": "Apple, Inc.", "iso_country": "US", "primary_sic_name": "", "company_id": 777, "industry": "Computer Hardware", "top_segments": ["Technology", "Consumer"], "cutoff_date": "2021-12-31", "decision_year": 2021, "self_profile": {"factset_entity_id": "000C7F-E", "company_id": 777, "entity_proper_name": "Apple, Inc.", "iso_country": "US", "primary_sic_name": "", "cutoff_date": "2021-12-31", "industry": "Computer Hardware", "top_segments": ["Technology", "Consumer"]}, "metadata": {"extraction_date": "2025-10-02 06:59:15", "total_suppliers": 798, "historical_suppliers": 327, "future_new_suppliers": 144, "random_noise_suppliers": 327, "positive_samples": 348, "negative_samples": 450}}, "supplier_raw": {"factset_entity_id": "0095YG-E", "entity_proper_name": "Minera IRL Ltd.", "iso_country": "PE", "primary_sic_name": "", "company_id": "21070937.0", "industry": "Industrial and Materials", "top_segments": "['Industrial and Materials']", "is_single_source": "False", "FF_SALES": "12.1700000001556", "FF_NET_MGN": "10.7888249794577", "FF_DEBT_EQ": "105.235381850166", "FF_ROIC": "-0.253222987910811", "FF_CURR_RATIO": "0.746115077698444", "CURRENCY": "USD", "financial_date": "2021-12-31 00:00:00", "revenue_percent": "", "relationship_start": "", "relationship_source": "", "source_label": "random_noise", "ground_truth_label": "0"}, "source_label": "random_noise", "relationship_source": "", "revenue_percent": "", "is_single_source": "False", "industry": "Industrial and Materials", "top_segments": "['Industrial and Materials']"}
