{"context": "[目标公司画像]\n目标ID: 000C6B-E\n公司名: Anixter International, Inc.\n国家: US\nSIC: N/A\n行业: Industrial and Materials\n业务段: Industrial and Materials, Technology\n决策年: 2016\n\n[候选供应商画像]\n供应商ID: 002NXM-E\n名称: Zhone Technologies, Inc.\n国家: US\nSIC: N/A\n行业: Hardware\n业务段: ['Technology']\n单一来源: False\n财务指标: FF_SALES=N/A, FF_NET_MGN=N/A, FF_DEBT_EQ=N/A, FF_ROIC=N/A, FF_CURR_RATIO=N/A, 货币=N/A, 财报日期=N/A\n关系信息: revenue_percent=N/A, relationship_start=2016-09-13 00:00:00, source=factset_revere_relationship, source_label=historical", "question": "基于上述目标公司画像和供应商画像，判断在决策年是否应选择该供应商。请只回答 [[1]] 表示选择 或 [[0]] 表示不选择。", "answer": "0", "target_entity_id": "000C6B-E", "supplier_entity_id": "002NXM-E", "year": "2016", "target_info": {"target_entity_id": "000C6B-E", "entity_proper_name": "Anixter International, Inc.", "iso_country": "US", "primary_sic_name": "", "company_id": 739, "industry": "Industrial and Materials", "top_segments": ["Industrial and Materials", "Technology"], "cutoff_date": "2016-12-31", "decision_year": 2016, "self_profile": {"factset_entity_id": "000C6B-E", "company_id": 739, "entity_proper_name": "Anixter International, Inc.", "iso_country": "US", "primary_sic_name": "", "cutoff_date": "2016-12-31", "industry": "Industrial and Materials", "top_segments": ["Industrial and Materials", "Technology"]}, "metadata": {"extraction_date": "2025-10-03 02:33:47", "total_suppliers": 44, "historical_suppliers": 17, "future_new_suppliers": 10, "random_noise_suppliers": 17, "positive_samples": 24, "negative_samples": 20}}, "supplier_raw": {"factset_entity_id": "002NXM-E", "entity_proper_name": "Zhone Technologies, Inc.", "iso_country": "US", "primary_sic_name": "", "company_id": "234064.0", "industry": "Hardware", "top_segments": "['Technology']", "is_single_source": "False", "FF_SALES": "", "FF_NET_MGN": "", "FF_DEBT_EQ": "", "FF_ROIC": "", "FF_CURR_RATIO": "", "CURRENCY": "", "financial_date": "", "revenue_percent": "", "relationship_start": "2016-09-13 00:00:00", "relationship_source": "factset_revere_relationship", "source_label": "historical", "ground_truth_label": "0"}, "source_label": "historical", "relationship_source": "factset_revere_relationship", "revenue_percent": "", "is_single_source": "False", "industry": "Hardware", "top_segments": "['Technology']"}
{"context": "[目标公司画像]\n目标ID: 000C6B-E\n公司名: Anixter International, Inc.\n国家: US\nSIC: N/A\n行业: Industrial and Materials\n业务段: Industrial and Materials, Technology\n决策年: 2016\n\n[候选供应商画像]\n供应商ID: 00151C-E\n名称: Bogen Communications International, Inc.\n国家: US\nSIC: N/A\n行业: Hardware\n业务段: ['Technology']\n单一来源: False\n财务指标: FF_SALES=14.625, FF_NET_MGN=7.79487179487179, FF_DEBT_EQ=28.030303030303, FF_ROIC=12.5904297045237, FF_CURR_RATIO=1.35995128740431, 货币=USD, 财报日期=2012-09-30 00:00:00\n关系信息: revenue_percent=N/A, relationship_start=2015-09-11 00:00:00, source=factset_revere_relationship, source_label=historical", "question": "基于上述目标公司画像和供应商画像，判断在决策年是否应选择该供应商。请只回答 [[1]] 表示选择 或 [[0]] 表示不选择。", "answer": "1", "target_entity_id": "000C6B-E", "supplier_entity_id": "00151C-E", "year": "2016", "target_info": {"target_entity_id": "000C6B-E", "entity_proper_name": "Anixter International, Inc.", "iso_country": "US", "primary_sic_name": "", "company_id": 739, "industry": "Industrial and Materials", "top_segments": ["Industrial and Materials", "Technology"], "cutoff_date": "2016-12-31", "decision_year": 2016, "self_profile": {"factset_entity_id": "000C6B-E", "company_id": 739, "entity_proper_name": "Anixter International, Inc.", "iso_country": "US", "primary_sic_name": "", "cutoff_date": "2016-12-31", "industry": "Industrial and Materials", "top_segments": ["Industrial and Materials", "Technology"]}, "metadata": {"extraction_date": "2025-10-03 02:33:47", "total_suppliers": 44, "historical_suppliers": 17, "future_new_suppliers": 10, "random_noise_suppliers": 17, "positive_samples": 24, "negative_samples": 20}}, "supplier_raw": {"factset_entity_id": "00151C-E", "entity_proper_name": "Bogen Communications International, Inc.", "iso_country": "US", "primary_sic_name": "", "company_id": "1488.0", "industry": "Hardware", "top_segments": "['Technology']", "is_single_source": "False", "FF_SALES": "14.625", "FF_NET_MGN": "7.79487179487179", "FF_DEBT_EQ": "28.030303030303", "FF_ROIC": "12.5904297045237", "FF_CURR_RATIO": "1.35995128740431", "CURRENCY": "USD", "financial_date": "2012-09-30 00:00:00", "revenue_percent": "", "relationship_start": "2015-09-11 00:00:00", "relationship_source": "factset_revere_relationship", "source_label": "historical", "ground_truth_label": "1"}, "source_label": "historical", "relationship_source": "factset_revere_relationship", "revenue_percent": "", "is_single_source": "False", "industry": "Hardware", "top_segments": "['Technology']"}
{"context": "[目标公司画像]\n目标ID: 000C6B-E\n公司名: Anixter International, Inc.\n国家: US\nSIC: N/A\n行业: Industrial and Materials\n业务段: Industrial and Materials, Technology\n决策年: 2016\n\n[候选供应商画像]\n供应商ID: 001187-E\n名称: Winland Holdings Corp.\n国家: US\nSIC: N/A\n行业: Security\n业务段: ['Technology', 'Finance']\n单一来源: False\n财务指标: FF_SALES=0.917, FF_NET_MGN=3.16248636859324, FF_DEBT_EQ=0.0, FF_ROIC=5.79710144927536, FF_CURR_RATIO=5.61803713527851, 货币=USD, 财报日期=2016-12-31 00:00:00\n关系信息: revenue_percent=N/A, relationship_start=2015-05-19 00:00:00, source=factset_revere_relationship, source_label=historical", "question": "基于上述目标公司画像和供应商画像，判断在决策年是否应选择该供应商。请只回答 [[1]] 表示选择 或 [[0]] 表示不选择。", "answer": "1", "target_entity_id": "000C6B-E", "supplier_entity_id": "001187-E", "year": "2016", "target_info": {"target_entity_id": "000C6B-E", "entity_proper_name": "Anixter International, Inc.", "iso_country": "US", "primary_sic_name": "", "company_id": 739, "industry": "Industrial and Materials", "top_segments": ["Industrial and Materials", "Technology"], "cutoff_date": "2016-12-31", "decision_year": 2016, "self_profile": {"factset_entity_id": "000C6B-E", "company_id": 739, "entity_proper_name": "Anixter International, Inc.", "iso_country": "US", "primary_sic_name": "", "cutoff_date": "2016-12-31", "industry": "Industrial and Materials", "top_segments": ["Industrial and Materials", "Technology"]}, "metadata": {"extraction_date": "2025-10-03 02:33:47", "total_suppliers": 44, "historical_suppliers": 17, "future_new_suppliers": 10, "random_noise_suppliers": 17, "positive_samples": 24, "negative_samples": 20}}, "supplier_raw": {"factset_entity_id": "001187-E", "entity_proper_name": "Winland Holdings Corp.", "iso_country": "US", "primary_sic_name": "", "company_id": "11172.0", "industry": "Security", "top_segments": "['Technology', 'Finance']", "is_single_source": "False", "FF_SALES": "0.917", "FF_NET_MGN": "3.16248636859324", "FF_DEBT_EQ": "0.0", "FF_ROIC": "5.79710144927536", "FF_CURR_RATIO": "5.61803713527851", "CURRENCY": "USD", "financial_date": "2016-12-31 00:00:00", "revenue_percent": "", "relationship_start": "2015-05-19 00:00:00", "relationship_source": "factset_revere_relationship", "source_label": "historical", "ground_truth_label": "1"}, "source_label": "historical", "relationship_source": "factset_revere_relationship", "revenue_percent": "", "is_single_source": "False", "industry": "Security", "top_segments": "['Technology', 'Finance']"}
{"context": "[目标公司画像]\n目标ID: 000C6B-E\n公司名: Anixter International, Inc.\n国家: US\nSIC: N/A\n行业: Industrial and Materials\n业务段: Industrial and Materials, Technology\n决策年: 2016\n\n[候选供应商画像]\n供应商ID: 0016M8-E\n名称: Polycom, Inc.\n国家: US\nSIC: N/A\n行业: Software\n业务段: ['Technology']\n单一来源: False\n财务指标: FF_SALES=287.471, FF_NET_MGN=-3.47756817209388, FF_DEBT_EQ=21.4489079581238, FF_ROIC=1.67099671187192, FF_CURR_RATIO=2.72784882362212, 货币=USD, 财报日期=2016-06-30 00:00:00\n关系信息: revenue_percent=N/A, relationship_start=2012-02-21 00:00:00, source=factset_revere_relationship, source_label=historical", "question": "基于上述目标公司画像和供应商画像，判断在决策年是否应选择该供应商。请只回答 [[1]] 表示选择 或 [[0]] 表示不选择。", "answer": "1", "target_entity_id": "000C6B-E", "supplier_entity_id": "0016M8-E", "year": "2016", "target_info": {"target_entity_id": "000C6B-E", "entity_proper_name": "Anixter International, Inc.", "iso_country": "US", "primary_sic_name": "", "company_id": 739, "industry": "Industrial and Materials", "top_segments": ["Industrial and Materials", "Technology"], "cutoff_date": "2016-12-31", "decision_year": 2016, "self_profile": {"factset_entity_id": "000C6B-E", "company_id": 739, "entity_proper_name": "Anixter International, Inc.", "iso_country": "US", "primary_sic_name": "", "cutoff_date": "2016-12-31", "industry": "Industrial and Materials", "top_segments": ["Industrial and Materials", "Technology"]}, "metadata": {"extraction_date": "2025-10-03 02:33:47", "total_suppliers": 44, "historical_suppliers": 17, "future_new_suppliers": 10, "random_noise_suppliers": 17, "positive_samples": 24, "negative_samples": 20}}, "supplier_raw": {"factset_entity_id": "0016M8-E", "entity_proper_name": "Polycom, Inc.", "iso_country": "US", "primary_sic_name": "", "company_id": "8185.0", "industry": "Software", "top_segments": "['Technology']", "is_single_source": "False", "FF_SALES": "287.471", "FF_NET_MGN": "-3.47756817209388", "FF_DEBT_EQ": "21.4489079581238", "FF_ROIC": "1.67099671187192", "FF_CURR_RATIO": "2.72784882362212", "CURRENCY": "USD", "financial_date": "2016-06-30 00:00:00", "revenue_percent": "", "relationship_start": "2012-02-21 00:00:00", "relationship_source": "factset_revere_relationship", "source_label": "historical", "ground_truth_label": "1"}, "source_label": "historical", "relationship_source": "factset_revere_relationship", "revenue_percent": "", "is_single_source": "False", "industry": "Software", "top_segments": "['Technology']"}
{"context": "[目标公司画像]\n目标ID: 000C6B-E\n公司名: Anixter International, Inc.\n国家: US\nSIC: N/A\n行业: Industrial and Materials\n业务段: Industrial and Materials, Technology\n决策年: 2016\n\n[候选供应商画像]\n供应商ID: 08PBCF-E\n名称: Hangzhou Hikvision Digital Technology Co., Ltd.\n国家: CN\nSIC: N/A\n行业: Oil And Gas Extraction\n业务段: []\n单一来源: False\n财务指标: FF_SALES=10690.02529425, FF_NET_MGN=24.0626601628679, FF_DEBT_EQ=24.3252515615156, FF_ROIC=30.3514068811006, FF_CURR_RATIO=3.01450585755006, 货币=CNY, 财报日期=2016-12-31 00:00:00\n关系信息: revenue_percent=N/A, relationship_start=N/A, source=N/A, source_label=historical", "question": "基于上述目标公司画像和供应商画像，判断在决策年是否应选择该供应商。请只回答 [[1]] 表示选择 或 [[0]] 表示不选择。", "answer": "1", "target_entity_id": "000C6B-E", "supplier_entity_id": "08PBCF-E", "year": "2016", "target_info": {"target_entity_id": "000C6B-E", "entity_proper_name": "Anixter International, Inc.", "iso_country": "US", "primary_sic_name": "", "company_id": 739, "industry": "Industrial and Materials", "top_segments": ["Industrial and Materials", "Technology"], "cutoff_date": "2016-12-31", "decision_year": 2016, "self_profile": {"factset_entity_id": "000C6B-E", "company_id": 739, "entity_proper_name": "Anixter International, Inc.", "iso_country": "US", "primary_sic_name": "", "cutoff_date": "2016-12-31", "industry": "Industrial and Materials", "top_segments": ["Industrial and Materials", "Technology"]}, "metadata": {"extraction_date": "2025-10-03 02:33:47", "total_suppliers": 44, "historical_suppliers": 17, "future_new_suppliers": 10, "random_noise_suppliers": 17, "positive_samples": 24, "negative_samples": 20}}, "supplier_raw": {"factset_entity_id": "08PBCF-E", "entity_proper_name": "Hangzhou Hikvision Digital Technology Co., Ltd.", "iso_country": "CN", "primary_sic_name": "", "company_id": "20264911.0", "industry": "Oil And Gas Extraction", "top_segments": "[]", "is_single_source": "False", "FF_SALES": "10690.02529425", "FF_NET_MGN": "24.0626601628679", "FF_DEBT_EQ": "24.3252515615156", "FF_ROIC": "30.3514068811006", "FF_CURR_RATIO": "3.01450585755006", "CURRENCY": "CNY", "financial_date": "2016-12-31 00:00:00", "revenue_percent": "", "relationship_start": "", "relationship_source": "", "source_label": "historical", "ground_truth_label": "1"}, "source_label": "historical", "relationship_source": "", "revenue_percent": "", "is_single_source": "False", "industry": "Oil And Gas Extraction", "top_segments": "[]"}
{"context": "[目标公司画像]\n目标ID: 000C6B-E\n公司名: Anixter International, Inc.\n国家: US\nSIC: N/A\n行业: Industrial and Materials\n业务段: Industrial and Materials, Technology\n决策年: 2016\n\n[候选供应商画像]\n供应商ID: 000TMB-E\n名称: Precision Castparts Corp.\n国家: US\nSIC: N/A\n行业: Metal and Mineral Products\n业务段: ['Industrial and Materials']\n单一来源: False\n财务指标: FF_SALES=2147.64329, FF_NET_MGN=9.37448974592052, FF_DEBT_EQ=44.2736356648732, FF_ROIC=N/A, FF_CURR_RATIO=3.92929292929293, 货币=USD, 财报日期=2015-12-31 00:00:00\n关系信息: revenue_percent=N/A, relationship_start=2012-06-11 00:00:00, source=factset_revere_relationship, source_label=historical", "question": "基于上述目标公司画像和供应商画像，判断在决策年是否应选择该供应商。请只回答 [[1]] 表示选择 或 [[0]] 表示不选择。", "answer": "1", "target_entity_id": "000C6B-E", "supplier_entity_id": "000TMB-E", "year": "2016", "target_info": {"target_entity_id": "000C6B-E", "entity_proper_name": "Anixter International, Inc.", "iso_country": "US", "primary_sic_name": "", "company_id": 739, "industry": "Industrial and Materials", "top_segments": ["Industrial and Materials", "Technology"], "cutoff_date": "2016-12-31", "decision_year": 2016, "self_profile": {"factset_entity_id": "000C6B-E", "company_id": 739, "entity_proper_name": "Anixter International, Inc.", "iso_country": "US", "primary_sic_name": "", "cutoff_date": "2016-12-31", "industry": "Industrial and Materials", "top_segments": ["Industrial and Materials", "Technology"]}, "metadata": {"extraction_date": "2025-10-03 02:33:47", "total_suppliers": 44, "historical_suppliers": 17, "future_new_suppliers": 10, "random_noise_suppliers": 17, "positive_samples": 24, "negative_samples": 20}}, "supplier_raw": {"factset_entity_id": "000TMB-E", "entity_proper_name": "Precision Castparts Corp.", "iso_country": "US", "primary_sic_name": "", "company_id": "8244.0", "industry": "Metal and Mineral Products", "top_segments": "['Industrial and Materials']", "is_single_source": "False", "FF_SALES": "2147.64329", "FF_NET_MGN": "9.37448974592052", "FF_DEBT_EQ": "44.2736356648732", "FF_ROIC": "", "FF_CURR_RATIO": "3.92929292929293", "CURRENCY": "USD", "financial_date": "2015-12-31 00:00:00", "revenue_percent": "", "relationship_start": "2012-06-11 00:00:00", "relationship_source": "factset_revere_relationship", "source_label": "historical", "ground_truth_label": "1"}, "source_label": "historical", "relationship_source": "factset_revere_relationship", "revenue_percent": "", "is_single_source": "False", "industry": "Metal and Mineral Products", "top_segments": "['Industrial and Materials']"}
{"context": "[目标公司画像]\n目标ID: 000C6B-E\n公司名: Anixter International, Inc.\n国家: US\nSIC: N/A\n行业: Industrial and Materials\n业务段: Industrial and Materials, Technology\n决策年: 2016\n\n[候选供应商画像]\n供应商ID: 0016S2-E\n名称: Westell Technologies, Inc.\n国家: US\nSIC: N/A\n行业: Network Management\n业务段: ['Technology']\n单一来源: False\n财务指标: FF_SALES=14.983, FF_NET_MGN=-12.0603350463859, FF_DEBT_EQ=0.0, FF_ROIC=-33.0064199761267, FF_CURR_RATIO=3.41411212372273, 货币=USD, 财报日期=2016-12-31 00:00:00\n关系信息: revenue_percent=N/A, relationship_start=2015-08-12 00:00:00, source=factset_revere_relationship, source_label=historical", "question": "基于上述目标公司画像和供应商画像，判断在决策年是否应选择该供应商。请只回答 [[1]] 表示选择 或 [[0]] 表示不选择。", "answer": "1", "target_entity_id": "000C6B-E", "supplier_entity_id": "0016S2-E", "year": "2016", "target_info": {"target_entity_id": "000C6B-E", "entity_proper_name": "Anixter International, Inc.", "iso_country": "US", "primary_sic_name": "", "company_id": 739, "industry": "Industrial and Materials", "top_segments": ["Industrial and Materials", "Technology"], "cutoff_date": "2016-12-31", "decision_year": 2016, "self_profile": {"factset_entity_id": "000C6B-E", "company_id": 739, "entity_proper_name": "Anixter International, Inc.", "iso_country": "US", "primary_sic_name": "", "cutoff_date": "2016-12-31", "industry": "Industrial and Materials", "top_segments": ["Industrial and Materials", "Technology"]}, "metadata": {"extraction_date": "2025-10-03 02:33:47", "total_suppliers": 44, "historical_suppliers": 17, "future_new_suppliers": 10, "random_noise_suppliers": 17, "positive_samples": 24, "negative_samples": 20}}, "supplier_raw": {"factset_entity_id": "0016S2-E", "entity_proper_name": "Westell Technologies, Inc.", "iso_country": "US", "primary_sic_name": "", "company_id": "11081.0", "industry": "Network Management", "top_segments": "['Technology']", "is_single_source": "False", "FF_SALES": "14.983", "FF_NET_MGN": "-12.0603350463859", "FF_DEBT_EQ": "0.0", "FF_ROIC": "-33.0064199761267", "FF_CURR_RATIO": "3.41411212372273", "CURRENCY": "USD", "financial_date": "2016-12-31 00:00:00", "revenue_percent": "", "relationship_start": "2015-08-12 00:00:00", "relationship_source": "factset_revere_relationship", "source_label": "historical", "ground_truth_label": "1"}, "source_label": "historical", "relationship_source": "factset_revere_relationship", "revenue_percent": "", "is_single_source": "False", "industry": "Network Management", "top_segments": "['Technology']"}
{"context": "[目标公司画像]\n目标ID: 000C6B-E\n公司名: Anixter International, Inc.\n国家: US\nSIC: N/A\n行业: Industrial and Materials\n业务段: Industrial and Materials, Technology\n决策年: 2016\n\n[候选供应商画像]\n供应商ID: 003KDD-E\n名称: Alvarion Ltd.\n国家: IL\nSIC: N/A\n行业: Wi-MAX\n业务段: ['Technology']\n单一来源: False\n财务指标: FF_SALES=8.518, FF_NET_MGN=-46.3489081944118, FF_DEBT_EQ=23.1546420387473, FF_ROIC=-63.9965171963431, FF_CURR_RATIO=1.04368700751329, 货币=USD, 财报日期=2013-03-31 00:00:00\n关系信息: revenue_percent=N/A, relationship_start=2013-07-16 00:00:00, source=factset_revere_relationship, source_label=historical", "question": "基于上述目标公司画像和供应商画像，判断在决策年是否应选择该供应商。请只回答 [[1]] 表示选择 或 [[0]] 表示不选择。", "answer": "1", "target_entity_id": "000C6B-E", "supplier_entity_id": "003KDD-E", "year": "2016", "target_info": {"target_entity_id": "000C6B-E", "entity_proper_name": "Anixter International, Inc.", "iso_country": "US", "primary_sic_name": "", "company_id": 739, "industry": "Industrial and Materials", "top_segments": ["Industrial and Materials", "Technology"], "cutoff_date": "2016-12-31", "decision_year": 2016, "self_profile": {"factset_entity_id": "000C6B-E", "company_id": 739, "entity_proper_name": "Anixter International, Inc.", "iso_country": "US", "primary_sic_name": "", "cutoff_date": "2016-12-31", "industry": "Industrial and Materials", "top_segments": ["Industrial and Materials", "Technology"]}, "metadata": {"extraction_date": "2025-10-03 02:33:47", "total_suppliers": 44, "historical_suppliers": 17, "future_new_suppliers": 10, "random_noise_suppliers": 17, "positive_samples": 24, "negative_samples": 20}}, "supplier_raw": {"factset_entity_id": "003KDD-E", "entity_proper_name": "Alvarion Ltd.", "iso_country": "IL", "primary_sic_name": "", "company_id": "216250.0", "industry": "Wi-MAX", "top_segments": "['Technology']", "is_single_source": "False", "FF_SALES": "8.518", "FF_NET_MGN": "-46.3489081944118", "FF_DEBT_EQ": "23.1546420387473", "FF_ROIC": "-63.9965171963431", "FF_CURR_RATIO": "1.04368700751329", "CURRENCY": "USD", "financial_date": "2013-03-31 00:00:00", "revenue_percent": "", "relationship_start": "2013-07-16 00:00:00", "relationship_source": "factset_revere_relationship", "source_label": "historical", "ground_truth_label": "1"}, "source_label": "historical", "relationship_source": "factset_revere_relationship", "revenue_percent": "", "is_single_source": "False", "industry": "Wi-MAX", "top_segments": "['Technology']"}
{"context": "[目标公司画像]\n目标ID: 000C6B-E\n公司名: Anixter International, Inc.\n国家: US\nSIC: N/A\n行业: Industrial and Materials\n业务段: Industrial and Materials, Technology\n决策年: 2016\n\n[候选供应商画像]\n供应商ID: 0017D4-E\n名称: Sierra Wireless Services America Holdings, Inc.\n国家: US\nSIC: N/A\n行业: Technology\n业务段: ['Business and Public Services', 'Technology']\n单一来源: False\n财务指标: FF_SALES=17.577, FF_NET_MGN=-63.4806849860613, FF_DEBT_EQ=33.6447868916415, FF_ROIC=-31.3519227546377, FF_CURR_RATIO=1.35807724712873, 货币=USD, 财报日期=2016-12-31 00:00:00\n关系信息: revenue_percent=N/A, relationship_start=2015-03-25 00:00:00, source=factset_revere_relationship, source_label=historical", "question": "基于上述目标公司画像和供应商画像，判断在决策年是否应选择该供应商。请只回答 [[1]] 表示选择 或 [[0]] 表示不选择。", "answer": "1", "target_entity_id": "000C6B-E", "supplier_entity_id": "0017D4-E", "year": "2016", "target_info": {"target_entity_id": "000C6B-E", "entity_proper_name": "Anixter International, Inc.", "iso_country": "US", "primary_sic_name": "", "company_id": 739, "industry": "Industrial and Materials", "top_segments": ["Industrial and Materials", "Technology"], "cutoff_date": "2016-12-31", "decision_year": 2016, "self_profile": {"factset_entity_id": "000C6B-E", "company_id": 739, "entity_proper_name": "Anixter International, Inc.", "iso_country": "US", "primary_sic_name": "", "cutoff_date": "2016-12-31", "industry": "Industrial and Materials", "top_segments": ["Industrial and Materials", "Technology"]}, "metadata": {"extraction_date": "2025-10-03 02:33:47", "total_suppliers": 44, "historical_suppliers": 17, "future_new_suppliers": 10, "random_noise_suppliers": 17, "positive_samples": 24, "negative_samples": 20}}, "supplier_raw": {"factset_entity_id": "0017D4-E", "entity_proper_name": "Sierra Wireless Services America Holdings, Inc.", "iso_country": "US", "primary_sic_name": "", "company_id": "7457.0", "industry": "Technology", "top_segments": "['Business and Public Services', 'Technology']", "is_single_source": "False", "FF_SALES": "17.577", "FF_NET_MGN": "-63.4806849860613", "FF_DEBT_EQ": "33.6447868916415", "FF_ROIC": "-31.3519227546377", "FF_CURR_RATIO": "1.35807724712873", "CURRENCY": "USD", "financial_date": "2016-12-31 00:00:00", "revenue_percent": "", "relationship_start": "2015-03-25 00:00:00", "relationship_source": "factset_revere_relationship", "source_label": "historical", "ground_truth_label": "1"}, "source_label": "historical", "relationship_source": "factset_revere_relationship", "revenue_percent": "", "is_single_source": "False", "industry": "Technology", "top_segments": "['Business and Public Services', 'Technology']"}
{"context": "[目标公司画像]\n目标ID: 000C6B-E\n公司名: Anixter International, Inc.\n国家: US\nSIC: N/A\n行业: Industrial and Materials\n业务段: Industrial and Materials, Technology\n决策年: 2016\n\n[候选供应商画像]\n供应商ID: 00D493-E\n名称: CommScope Holding Co., Inc.\n国家: US\nSIC: N/A\n行业: Local Area Networking (LAN)\n业务段: ['Technology']\n单一来源: False\n财务指标: FF_SALES=1178.906, FF_NET_MGN=4.62004604268703, FF_DEBT_EQ=327.240682770909, FF_ROIC=3.59490201408435, FF_CURR_RATIO=2.32422728364292, 货币=USD, 财报日期=2016-12-31 00:00:00\n关系信息: revenue_percent=12.0, relationship_start=2016-03-02 00:00:00, source=factset_revere_relationship, source_label=historical", "question": "基于上述目标公司画像和供应商画像，判断在决策年是否应选择该供应商。请只回答 [[1]] 表示选择 或 [[0]] 表示不选择。", "answer": "1", "target_entity_id": "000C6B-E", "supplier_entity_id": "00D493-E", "year": "2016", "target_info": {"target_entity_id": "000C6B-E", "entity_proper_name": "Anixter International, Inc.", "iso_country": "US", "primary_sic_name": "", "company_id": 739, "industry": "Industrial and Materials", "top_segments": ["Industrial and Materials", "Technology"], "cutoff_date": "2016-12-31", "decision_year": 2016, "self_profile": {"factset_entity_id": "000C6B-E", "company_id": 739, "entity_proper_name": "Anixter International, Inc.", "iso_country": "US", "primary_sic_name": "", "cutoff_date": "2016-12-31", "industry": "Industrial and Materials", "top_segments": ["Industrial and Materials", "Technology"]}, "metadata": {"extraction_date": "2025-10-03 02:33:47", "total_suppliers": 44, "historical_suppliers": 17, "future_new_suppliers": 10, "random_noise_suppliers": 17, "positive_samples": 24, "negative_samples": 20}}, "supplier_raw": {"factset_entity_id": "00D493-E", "entity_proper_name": "CommScope Holding Co., Inc.", "iso_country": "US", "primary_sic_name": "", "company_id": "2502.0", "industry": "Local Area Networking (LAN)", "top_segments": "['Technology']", "is_single_source": "False", "FF_SALES": "1178.906", "FF_NET_MGN": "4.62004604268703", "FF_DEBT_EQ": "327.240682770909", "FF_ROIC": "3.59490201408435", "FF_CURR_RATIO": "2.32422728364292", "CURRENCY": "USD", "financial_date": "2016-12-31 00:00:00", "revenue_percent": "12.0", "relationship_start": "2016-03-02 00:00:00", "relationship_source": "factset_revere_relationship", "source_label": "historical", "ground_truth_label": "1"}, "source_label": "historical", "relationship_source": "factset_revere_relationship", "revenue_percent": "12.0", "is_single_source": "False", "industry": "Local Area Networking (LAN)", "top_segments": "['Technology']"}
{"context": "[目标公司画像]\n目标ID: 000C6B-E\n公司名: Anixter International, Inc.\n国家: US\nSIC: N/A\n行业: Industrial and Materials\n业务段: Industrial and Materials, Technology\n决策年: 2016\n\n[候选供应商画像]\n供应商ID: 000V6J-E\n名称: Quantum Corp.\n国家: US\nSIC: N/A\n行业: Data Storage\n业务段: ['Technology']\n单一来源: False\n财务指标: FF_SALES=133.484, FF_NET_MGN=3.75026220370981, FF_DEBT_EQ=N/A, FF_ROIC=-561.29643894057, FF_CURR_RATIO=0.830764984193116, 货币=USD, 财报日期=2016-12-31 00:00:00\n关系信息: revenue_percent=N/A, relationship_start=2015-07-28 00:00:00, source=factset_revere_relationship, source_label=historical", "question": "基于上述目标公司画像和供应商画像，判断在决策年是否应选择该供应商。请只回答 [[1]] 表示选择 或 [[0]] 表示不选择。", "answer": "1", "target_entity_id": "000C6B-E", "supplier_entity_id": "000V6J-E", "year": "2016", "target_info": {"target_entity_id": "000C6B-E", "entity_proper_name": "Anixter International, Inc.", "iso_country": "US", "primary_sic_name": "", "company_id": 739, "industry": "Industrial and Materials", "top_segments": ["Industrial and Materials", "Technology"], "cutoff_date": "2016-12-31", "decision_year": 2016, "self_profile": {"factset_entity_id": "000C6B-E", "company_id": 739, "entity_proper_name": "Anixter International, Inc.", "iso_country": "US", "primary_sic_name": "", "cutoff_date": "2016-12-31", "industry": "Industrial and Materials", "top_segments": ["Industrial and Materials", "Technology"]}, "metadata": {"extraction_date": "2025-10-03 02:33:47", "total_suppliers": 44, "historical_suppliers": 17, "future_new_suppliers": 10, "random_noise_suppliers": 17, "positive_samples": 24, "negative_samples": 20}}, "supplier_raw": {"factset_entity_id": "000V6J-E", "entity_proper_name": "Quantum Corp.", "iso_country": "US", "primary_sic_name": "", "company_id": "222669.0", "industry": "Data Storage", "top_segments": "['Technology']", "is_single_source": "False", "FF_SALES": "133.484", "FF_NET_MGN": "3.75026220370981", "FF_DEBT_EQ": "", "FF_ROIC": "-561.29643894057", "FF_CURR_RATIO": "0.830764984193116", "CURRENCY": "USD", "financial_date": "2016-12-31 00:00:00", "revenue_percent": "", "relationship_start": "2015-07-28 00:00:00", "relationship_source": "factset_revere_relationship", "source_label": "historical", "ground_truth_label": "1"}, "source_label": "historical", "relationship_source": "factset_revere_relationship", "revenue_percent": "", "is_single_source": "False", "industry": "Data Storage", "top_segments": "['Technology']"}
{"context": "[目标公司画像]\n目标ID: 000C6B-E\n公司名: Anixter International, Inc.\n国家: US\nSIC: N/A\n行业: Industrial and Materials\n业务段: Industrial and Materials, Technology\n决策年: 2016\n\n[候选供应商画像]\n供应商ID: 000QTZ-E\n名称: Napco Security Technologies, Inc.\n国家: US\nSIC: N/A\n行业: Control Panels/Systems/Keypads\n业务段: ['Technology']\n单一来源: False\n财务指标: FF_SALES=0.0, FF_NET_MGN=N/A, FF_DEBT_EQ=0.0208401493389618, FF_ROIC=-0.67274616954028, FF_CURR_RATIO=0.190981410017386, 货币=USD, 财报日期=2016-12-31 00:00:00\n关系信息: revenue_percent=N/A, relationship_start=2016-11-03 00:00:00, source=factset_revere_relationship, source_label=historical", "question": "基于上述目标公司画像和供应商画像，判断在决策年是否应选择该供应商。请只回答 [[1]] 表示选择 或 [[0]] 表示不选择。", "answer": "1", "target_entity_id": "000C6B-E", "supplier_entity_id": "000QTZ-E", "year": "2016", "target_info": {"target_entity_id": "000C6B-E", "entity_proper_name": "Anixter International, Inc.", "iso_country": "US", "primary_sic_name": "", "company_id": 739, "industry": "Industrial and Materials", "top_segments": ["Industrial and Materials", "Technology"], "cutoff_date": "2016-12-31", "decision_year": 2016, "self_profile": {"factset_entity_id": "000C6B-E", "company_id": 739, "entity_proper_name": "Anixter International, Inc.", "iso_country": "US", "primary_sic_name": "", "cutoff_date": "2016-12-31", "industry": "Industrial and Materials", "top_segments": ["Industrial and Materials", "Technology"]}, "metadata": {"extraction_date": "2025-10-03 02:33:47", "total_suppliers": 44, "historical_suppliers": 17, "future_new_suppliers": 10, "random_noise_suppliers": 17, "positive_samples": 24, "negative_samples": 20}}, "supplier_raw": {"factset_entity_id": "000QTZ-E", "entity_proper_name": "Napco Security Technologies, Inc.", "iso_country": "US", "primary_sic_name": "", "company_id": "7060.0", "industry": "Control Panels/Systems/Keypads", "top_segments": "['Technology']", "is_single_source": "False", "FF_SALES": "0.0", "FF_NET_MGN": "", "FF_DEBT_EQ": "0.0208401493389618", "FF_ROIC": "-0.67274616954028", "FF_CURR_RATIO": "0.190981410017386", "CURRENCY": "USD", "financial_date": "2016-12-31 00:00:00", "revenue_percent": "", "relationship_start": "2016-11-03 00:00:00", "relationship_source": "factset_revere_relationship", "source_label": "historical", "ground_truth_label": "1"}, "source_label": "historical", "relationship_source": "factset_revere_relationship", "revenue_percent": "", "is_single_source": "False", "industry": "Control Panels/Systems/Keypads", "top_segments": "['Technology']"}
{"context": "[目标公司画像]\n目标ID: 000C6B-E\n公司名: Anixter International, Inc.\n国家: US\nSIC: N/A\n行业: Industrial and Materials\n业务段: Industrial and Materials, Technology\n决策年: 2016\n\n[候选供应商画像]\n供应商ID: 05J4KY-E\n名称: Adtran Networks SE\n国家: DE\nSIC: N/A\n行业: Hardware\n业务段: ['Technology']\n单一来源: False\n财务指标: FF_SALES=137.968630991157, FF_NET_MGN=10.644546505452, FF_DEBT_EQ=24.8444215662888, FF_ROIC=8.52592624684257, FF_CURR_RATIO=1.94878396910246, 货币=USD, 财报日期=2016-12-31 00:00:00\n关系信息: revenue_percent=N/A, relationship_start=2016-05-05 00:00:00, source=factset_revere_relationship, source_label=historical", "question": "基于上述目标公司画像和供应商画像，判断在决策年是否应选择该供应商。请只回答 [[1]] 表示选择 或 [[0]] 表示不选择。", "answer": "0", "target_entity_id": "000C6B-E", "supplier_entity_id": "05J4KY-E", "year": "2016", "target_info": {"target_entity_id": "000C6B-E", "entity_proper_name": "Anixter International, Inc.", "iso_country": "US", "primary_sic_name": "", "company_id": 739, "industry": "Industrial and Materials", "top_segments": ["Industrial and Materials", "Technology"], "cutoff_date": "2016-12-31", "decision_year": 2016, "self_profile": {"factset_entity_id": "000C6B-E", "company_id": 739, "entity_proper_name": "Anixter International, Inc.", "iso_country": "US", "primary_sic_name": "", "cutoff_date": "2016-12-31", "industry": "Industrial and Materials", "top_segments": ["Industrial and Materials", "Technology"]}, "metadata": {"extraction_date": "2025-10-03 02:33:47", "total_suppliers": 44, "historical_suppliers": 17, "future_new_suppliers": 10, "random_noise_suppliers": 17, "positive_samples": 24, "negative_samples": 20}}, "supplier_raw": {"factset_entity_id": "05J4KY-E", "entity_proper_name": "Adtran Networks SE", "iso_country": "DE", "primary_sic_name": "", "company_id": "1556869.0", "industry": "Hardware", "top_segments": "['Technology']", "is_single_source": "False", "FF_SALES": "137.968630991157", "FF_NET_MGN": "10.644546505452", "FF_DEBT_EQ": "24.8444215662888", "FF_ROIC": "8.52592624684257", "FF_CURR_RATIO": "1.94878396910246", "CURRENCY": "USD", "financial_date": "2016-12-31 00:00:00", "revenue_percent": "", "relationship_start": "2016-05-05 00:00:00", "relationship_source": "factset_revere_relationship", "source_label": "historical", "ground_truth_label": "0"}, "source_label": "historical", "relationship_source": "factset_revere_relationship", "revenue_percent": "", "is_single_source": "False", "industry": "Hardware", "top_segments": "['Technology']"}
{"context": "[目标公司画像]\n目标ID: 000C6B-E\n公司名: Anixter International, Inc.\n国家: US\nSIC: N/A\n行业: Industrial and Materials\n业务段: Industrial and Materials, Technology\n决策年: 2016\n\n[候选供应商画像]\n供应商ID: 0685XQ-E\n名称: Prysmian SpA\n国家: IT\nSIC: N/A\n行业: Utility Infrastructure\n业务段: ['Technology', 'Industrial and Materials', 'Business and Public Services']\n单一来源: False\n财务指标: FF_SALES=2055.06747977112, FF_NET_MGN=3.04142632406922, FF_DEBT_EQ=88.8121546961326, FF_ROIC=10.2853878910269, FF_CURR_RATIO=1.20689655172414, 货币=USD, 财报日期=2016-12-31 00:00:00\n关系信息: revenue_percent=N/A, relationship_start=2013-07-18 00:00:00, source=factset_revere_relationship, source_label=historical", "question": "基于上述目标公司画像和供应商画像，判断在决策年是否应选择该供应商。请只回答 [[1]] 表示选择 或 [[0]] 表示不选择。", "answer": "1", "target_entity_id": "000C6B-E", "supplier_entity_id": "0685XQ-E", "year": "2016", "target_info": {"target_entity_id": "000C6B-E", "entity_proper_name": "Anixter International, Inc.", "iso_country": "US", "primary_sic_name": "", "company_id": 739, "industry": "Industrial and Materials", "top_segments": ["Industrial and Materials", "Technology"], "cutoff_date": "2016-12-31", "decision_year": 2016, "self_profile": {"factset_entity_id": "000C6B-E", "company_id": 739, "entity_proper_name": "Anixter International, Inc.", "iso_country": "US", "primary_sic_name": "", "cutoff_date": "2016-12-31", "industry": "Industrial and Materials", "top_segments": ["Industrial and Materials", "Technology"]}, "metadata": {"extraction_date": "2025-10-03 02:33:47", "total_suppliers": 44, "historical_suppliers": 17, "future_new_suppliers": 10, "random_noise_suppliers": 17, "positive_samples": 24, "negative_samples": 20}}, "supplier_raw": {"factset_entity_id": "0685XQ-E", "entity_proper_name": "Prysmian SpA", "iso_country": "IT", "primary_sic_name": "", "company_id": "194520281.0", "industry": "Utility Infrastructure", "top_segments": "['Technology', 'Industrial and Materials', 'Business and Public Services']", "is_single_source": "False", "FF_SALES": "2055.06747977112", "FF_NET_MGN": "3.04142632406922", "FF_DEBT_EQ": "88.8121546961326", "FF_ROIC": "10.2853878910269", "FF_CURR_RATIO": "1.20689655172414", "CURRENCY": "USD", "financial_date": "2016-12-31 00:00:00", "revenue_percent": "", "relationship_start": "2013-07-18 00:00:00", "relationship_source": "factset_revere_relationship", "source_label": "historical", "ground_truth_label": "1"}, "source_label": "historical", "relationship_source": "factset_revere_relationship", "revenue_percent": "", "is_single_source": "False", "industry": "Utility Infrastructure", "top_segments": "['Technology', 'Industrial and Materials', 'Business and Public Services']"}
{"context": "[目标公司画像]\n目标ID: 000C6B-E\n公司名: Anixter International, Inc.\n国家: US\nSIC: N/A\n行业: Industrial and Materials\n业务段: Industrial and Materials, Technology\n决策年: 2016\n\n[候选供应商画像]\n供应商ID: 06S131-E\n名称: Belden, Inc.\n国家: US\nSIC: N/A\n行业: Technology\n业务段: ['Technology']\n单一来源: False\n财务指标: FF_SALES=612.435, FF_NET_MGN=5.54785405798166, FF_DEBT_EQ=111.795279505147, FF_ROIC=4.52699813654733, FF_CURR_RATIO=2.59338323873052, 货币=USD, 财报日期=2016-12-31 00:00:00\n关系信息: revenue_percent=12.0, relationship_start=2016-03-29 00:00:00, source=factset_revere_relationship, source_label=historical", "question": "基于上述目标公司画像和供应商画像，判断在决策年是否应选择该供应商。请只回答 [[1]] 表示选择 或 [[0]] 表示不选择。", "answer": "1", "target_entity_id": "000C6B-E", "supplier_entity_id": "06S131-E", "year": "2016", "target_info": {"target_entity_id": "000C6B-E", "entity_proper_name": "Anixter International, Inc.", "iso_country": "US", "primary_sic_name": "", "company_id": 739, "industry": "Industrial and Materials", "top_segments": ["Industrial and Materials", "Technology"], "cutoff_date": "2016-12-31", "decision_year": 2016, "self_profile": {"factset_entity_id": "000C6B-E", "company_id": 739, "entity_proper_name": "Anixter International, Inc.", "iso_country": "US", "primary_sic_name": "", "cutoff_date": "2016-12-31", "industry": "Industrial and Materials", "top_segments": ["Industrial and Materials", "Technology"]}, "metadata": {"extraction_date": "2025-10-03 02:33:47", "total_suppliers": 44, "historical_suppliers": 17, "future_new_suppliers": 10, "random_noise_suppliers": 17, "positive_samples": 24, "negative_samples": 20}}, "supplier_raw": {"factset_entity_id": "06S131-E", "entity_proper_name": "Belden, Inc.", "iso_country": "US", "primary_sic_name": "", "company_id": "1707.0", "industry": "Technology", "top_segments": "['Technology']", "is_single_source": "False", "FF_SALES": "612.435", "FF_NET_MGN": "5.54785405798166", "FF_DEBT_EQ": "111.795279505147", "FF_ROIC": "4.52699813654733", "FF_CURR_RATIO": "2.59338323873052", "CURRENCY": "USD", "financial_date": "2016-12-31 00:00:00", "revenue_percent": "12.0", "relationship_start": "2016-03-29 00:00:00", "relationship_source": "factset_revere_relationship", "source_label": "historical", "ground_truth_label": "1"}, "source_label": "historical", "relationship_source": "factset_revere_relationship", "revenue_percent": "12.0", "is_single_source": "False", "industry": "Technology", "top_segments": "['Technology']"}
{"context": "[目标公司画像]\n目标ID: 000C6B-E\n公司名: Anixter International, Inc.\n国家: US\nSIC: N/A\n行业: Industrial and Materials\n业务段: Industrial and Materials, Technology\n决策年: 2016\n\n[候选供应商画像]\n供应商ID: 064R06-E\n名称: Legrand SA\n国家: FR\nSIC: N/A\n行业: Industrial Manufacturing\n业务段: ['Industrial and Materials']\n单一来源: False\n财务指标: FF_SALES=28113.0159785087, FF_NET_MGN=15.4378756752644, FF_DEBT_EQ=46.7600009859259, FF_ROIC=11.475618377848, FF_CURR_RATIO=1.5225921901962, 货币=MXN, 财报日期=2016-12-31 00:00:00\n关系信息: revenue_percent=N/A, relationship_start=2012-07-25 00:00:00, source=factset_revere_relationship, source_label=historical", "question": "基于上述目标公司画像和供应商画像，判断在决策年是否应选择该供应商。请只回答 [[1]] 表示选择 或 [[0]] 表示不选择。", "answer": "1", "target_entity_id": "000C6B-E", "supplier_entity_id": "064R06-E", "year": "2016", "target_info": {"target_entity_id": "000C6B-E", "entity_proper_name": "Anixter International, Inc.", "iso_country": "US", "primary_sic_name": "", "company_id": 739, "industry": "Industrial and Materials", "top_segments": ["Industrial and Materials", "Technology"], "cutoff_date": "2016-12-31", "decision_year": 2016, "self_profile": {"factset_entity_id": "000C6B-E", "company_id": 739, "entity_proper_name": "Anixter International, Inc.", "iso_country": "US", "primary_sic_name": "", "cutoff_date": "2016-12-31", "industry": "Industrial and Materials", "top_segments": ["Industrial and Materials", "Technology"]}, "metadata": {"extraction_date": "2025-10-03 02:33:47", "total_suppliers": 44, "historical_suppliers": 17, "future_new_suppliers": 10, "random_noise_suppliers": 17, "positive_samples": 24, "negative_samples": 20}}, "supplier_raw": {"factset_entity_id": "064R06-E", "entity_proper_name": "Legrand SA", "iso_country": "FR", "primary_sic_name": "", "company_id": "1521305.0", "industry": "Industrial Manufacturing", "top_segments": "['Industrial and Materials']", "is_single_source": "False", "FF_SALES": "28113.0159785087", "FF_NET_MGN": "15.4378756752644", "FF_DEBT_EQ": "46.7600009859259", "FF_ROIC": "11.475618377848", "FF_CURR_RATIO": "1.5225921901962", "CURRENCY": "MXN", "financial_date": "2016-12-31 00:00:00", "revenue_percent": "", "relationship_start": "2012-07-25 00:00:00", "relationship_source": "factset_revere_relationship", "source_label": "historical", "ground_truth_label": "1"}, "source_label": "historical", "relationship_source": "factset_revere_relationship", "revenue_percent": "", "is_single_source": "False", "industry": "Industrial Manufacturing", "top_segments": "['Industrial and Materials']"}
{"context": "[目标公司画像]\n目标ID: 000C6B-E\n公司名: Anixter International, Inc.\n国家: US\nSIC: N/A\n行业: Industrial and Materials\n业务段: Industrial and Materials, Technology\n决策年: 2016\n\n[候选供应商画像]\n供应商ID: 0B85YC-E\n名称: Ava Risk Group Ltd.\n国家: AU\nSIC: N/A\n行业: Technology\n业务段: ['Business and Public Services', 'Technology']\n单一来源: False\n财务指标: FF_SALES=N/A, FF_NET_MGN=N/A, FF_DEBT_EQ=N/A, FF_ROIC=N/A, FF_CURR_RATIO=N/A, 货币=N/A, 财报日期=N/A\n关系信息: revenue_percent=N/A, relationship_start=N/A, source=N/A, source_label=future_new", "question": "基于上述目标公司画像和供应商画像，判断在决策年是否应选择该供应商。请只回答 [[1]] 表示选择 或 [[0]] 表示不选择。", "answer": "1", "target_entity_id": "000C6B-E", "supplier_entity_id": "0B85YC-E", "year": "2016", "target_info": {"target_entity_id": "000C6B-E", "entity_proper_name": "Anixter International, Inc.", "iso_country": "US", "primary_sic_name": "", "company_id": 739, "industry": "Industrial and Materials", "top_segments": ["Industrial and Materials", "Technology"], "cutoff_date": "2016-12-31", "decision_year": 2016, "self_profile": {"factset_entity_id": "000C6B-E", "company_id": 739, "entity_proper_name": "Anixter International, Inc.", "iso_country": "US", "primary_sic_name": "", "cutoff_date": "2016-12-31", "industry": "Industrial and Materials", "top_segments": ["Industrial and Materials", "Technology"]}, "metadata": {"extraction_date": "2025-10-03 02:33:47", "total_suppliers": 44, "historical_suppliers": 17, "future_new_suppliers": 10, "random_noise_suppliers": 17, "positive_samples": 24, "negative_samples": 20}}, "supplier_raw": {"factset_entity_id": "0B85YC-E", "entity_proper_name": "Ava Risk Group Ltd.", "iso_country": "AU", "primary_sic_name": "", "company_id": "1806464.0", "industry": "Technology", "top_segments": "['Business and Public Services', 'Technology']", "is_single_source": "False", "FF_SALES": "", "FF_NET_MGN": "", "FF_DEBT_EQ": "", "FF_ROIC": "", "FF_CURR_RATIO": "", "CURRENCY": "", "financial_date": "", "revenue_percent": "", "relationship_start": "", "relationship_source": "", "source_label": "future_new", "ground_truth_label": "1"}, "source_label": "future_new", "relationship_source": "", "revenue_percent": "", "is_single_source": "False", "industry": "Technology", "top_segments": "['Business and Public Services', 'Technology']"}
{"context": "[目标公司画像]\n目标ID: 000C6B-E\n公司名: Anixter International, Inc.\n国家: US\nSIC: N/A\n行业: Industrial and Materials\n业务段: Industrial and Materials, Technology\n决策年: 2016\n\n[候选供应商画像]\n供应商ID: 000YJP-E\n名称: Vicon Industries, Inc.\n国家: US\nSIC: N/A\n行业: Electronic Security\n业务段: ['Technology']\n单一来源: False\n财务指标: FF_SALES=6.604978, FF_NET_MGN=-19.7125410561549, FF_DEBT_EQ=23.7368438542938, FF_ROIC=-87.5427537316221, FF_CURR_RATIO=2.23190693945666, 货币=USD, 财报日期=2016-12-31 00:00:00\n关系信息: revenue_percent=N/A, relationship_start=N/A, source=N/A, source_label=future_new", "question": "基于上述目标公司画像和供应商画像，判断在决策年是否应选择该供应商。请只回答 [[1]] 表示选择 或 [[0]] 表示不选择。", "answer": "1", "target_entity_id": "000C6B-E", "supplier_entity_id": "000YJP-E", "year": "2016", "target_info": {"target_entity_id": "000C6B-E", "entity_proper_name": "Anixter International, Inc.", "iso_country": "US", "primary_sic_name": "", "company_id": 739, "industry": "Industrial and Materials", "top_segments": ["Industrial and Materials", "Technology"], "cutoff_date": "2016-12-31", "decision_year": 2016, "self_profile": {"factset_entity_id": "000C6B-E", "company_id": 739, "entity_proper_name": "Anixter International, Inc.", "iso_country": "US", "primary_sic_name": "", "cutoff_date": "2016-12-31", "industry": "Industrial and Materials", "top_segments": ["Industrial and Materials", "Technology"]}, "metadata": {"extraction_date": "2025-10-03 02:33:47", "total_suppliers": 44, "historical_suppliers": 17, "future_new_suppliers": 10, "random_noise_suppliers": 17, "positive_samples": 24, "negative_samples": 20}}, "supplier_raw": {"factset_entity_id": "000YJP-E", "entity_proper_name": "Vicon Industries, Inc.", "iso_country": "US", "primary_sic_name": "", "company_id": "10839.0", "industry": "Electronic Security", "top_segments": "['Technology']", "is_single_source": "False", "FF_SALES": "6.604978", "FF_NET_MGN": "-19.7125410561549", "FF_DEBT_EQ": "23.7368438542938", "FF_ROIC": "-87.5427537316221", "FF_CURR_RATIO": "2.23190693945666", "CURRENCY": "USD", "financial_date": "2016-12-31 00:00:00", "revenue_percent": "", "relationship_start": "", "relationship_source": "", "source_label": "future_new", "ground_truth_label": "1"}, "source_label": "future_new", "relationship_source": "", "revenue_percent": "", "is_single_source": "False", "industry": "Electronic Security", "top_segments": "['Technology']"}
{"context": "[目标公司画像]\n目标ID: 000C6B-E\n公司名: Anixter International, Inc.\n国家: US\nSIC: N/A\n行业: Industrial and Materials\n业务段: Industrial and Materials, Technology\n决策年: 2016\n\n[候选供应商画像]\n供应商ID: 008MFH-E\n名称: Universal Power Group, Inc.\n国家: US\nSIC: N/A\n行业: Industrial and Materials\n业务段: ['Industrial and Materials', 'Technology']\n单一来源: False\n财务指标: FF_SALES=23.546, FF_NET_MGN=0.186868257878196, FF_DEBT_EQ=72.1516893428725, FF_ROIC=1.92584925886223, FF_CURR_RATIO=1.66395103593731, 货币=USD, 财报日期=2016-06-30 00:00:00\n关系信息: revenue_percent=N/A, relationship_start=N/A, source=N/A, source_label=future_new", "question": "基于上述目标公司画像和供应商画像，判断在决策年是否应选择该供应商。请只回答 [[1]] 表示选择 或 [[0]] 表示不选择。", "answer": "1", "target_entity_id": "000C6B-E", "supplier_entity_id": "008MFH-E", "year": "2016", "target_info": {"target_entity_id": "000C6B-E", "entity_proper_name": "Anixter International, Inc.", "iso_country": "US", "primary_sic_name": "", "company_id": 739, "industry": "Industrial and Materials", "top_segments": ["Industrial and Materials", "Technology"], "cutoff_date": "2016-12-31", "decision_year": 2016, "self_profile": {"factset_entity_id": "000C6B-E", "company_id": 739, "entity_proper_name": "Anixter International, Inc.", "iso_country": "US", "primary_sic_name": "", "cutoff_date": "2016-12-31", "industry": "Industrial and Materials", "top_segments": ["Industrial and Materials", "Technology"]}, "metadata": {"extraction_date": "2025-10-03 02:33:47", "total_suppliers": 44, "historical_suppliers": 17, "future_new_suppliers": 10, "random_noise_suppliers": 17, "positive_samples": 24, "negative_samples": 20}}, "supplier_raw": {"factset_entity_id": "008MFH-E", "entity_proper_name": "Universal Power Group, Inc.", "iso_country": "US", "primary_sic_name": "", "company_id": "1820817.0", "industry": "Industrial and Materials", "top_segments": "['Industrial and Materials', 'Technology']", "is_single_source": "False", "FF_SALES": "23.546", "FF_NET_MGN": "0.186868257878196", "FF_DEBT_EQ": "72.1516893428725", "FF_ROIC": "1.92584925886223", "FF_CURR_RATIO": "1.66395103593731", "CURRENCY": "USD", "financial_date": "2016-06-30 00:00:00", "revenue_percent": "", "relationship_start": "", "relationship_source": "", "source_label": "future_new", "ground_truth_label": "1"}, "source_label": "future_new", "relationship_source": "", "revenue_percent": "", "is_single_source": "False", "industry": "Industrial and Materials", "top_segments": "['Industrial and Materials', 'Technology']"}
{"context": "[目标公司画像]\n目标ID: 000C6B-E\n公司名: Anixter International, Inc.\n国家: US\nSIC: N/A\n行业: Industrial and Materials\n业务段: Industrial and Materials, Technology\n决策年: 2016\n\n[候选供应商画像]\n供应商ID: 05KZTT-E\n名称: Greenhill & Co., Inc.\n国家: US\nSIC: N/A\n行业: Asia/Pacific\n业务段: ['Finance']\n单一来源: False\n财务指标: FF_SALES=101.591, FF_NET_MGN=23.2963549920761, FF_DEBT_EQ=27.7986695651875, FF_ROIC=20.3570064526504, FF_CURR_RATIO=N/A, 货币=USD, 财报日期=2016-12-31 00:00:00\n关系信息: revenue_percent=N/A, relationship_start=2016-03-16 00:00:00, source=factset_revere_relationship, source_label=future_new", "question": "基于上述目标公司画像和供应商画像，判断在决策年是否应选择该供应商。请只回答 [[1]] 表示选择 或 [[0]] 表示不选择。", "answer": "1", "target_entity_id": "000C6B-E", "supplier_entity_id": "05KZTT-E", "year": "2016", "target_info": {"target_entity_id": "000C6B-E", "entity_proper_name": "Anixter International, Inc.", "iso_country": "US", "primary_sic_name": "", "company_id": 739, "industry": "Industrial and Materials", "top_segments": ["Industrial and Materials", "Technology"], "cutoff_date": "2016-12-31", "decision_year": 2016, "self_profile": {"factset_entity_id": "000C6B-E", "company_id": 739, "entity_proper_name": "Anixter International, Inc.", "iso_country": "US", "primary_sic_name": "", "cutoff_date": "2016-12-31", "industry": "Industrial and Materials", "top_segments": ["Industrial and Materials", "Technology"]}, "metadata": {"extraction_date": "2025-10-03 02:33:47", "total_suppliers": 44, "historical_suppliers": 17, "future_new_suppliers": 10, "random_noise_suppliers": 17, "positive_samples": 24, "negative_samples": 20}}, "supplier_raw": {"factset_entity_id": "05KZTT-E", "entity_proper_name": "Greenhill & Co., Inc.", "iso_country": "US", "primary_sic_name": "", "company_id": "1675052.0", "industry": "Asia/Pacific", "top_segments": "['Finance']", "is_single_source": "False", "FF_SALES": "101.591", "FF_NET_MGN": "23.2963549920761", "FF_DEBT_EQ": "27.7986695651875", "FF_ROIC": "20.3570064526504", "FF_CURR_RATIO": "", "CURRENCY": "USD", "financial_date": "2016-12-31 00:00:00", "revenue_percent": "", "relationship_start": "2016-03-16 00:00:00", "relationship_source": "factset_revere_relationship", "source_label": "future_new", "ground_truth_label": "1"}, "source_label": "future_new", "relationship_source": "factset_revere_relationship", "revenue_percent": "", "is_single_source": "False", "industry": "Asia/Pacific", "top_segments": "['Finance']"}
{"context": "[目标公司画像]\n目标ID: 000C6B-E\n公司名: Anixter International, Inc.\n国家: US\nSIC: N/A\n行业: Industrial and Materials\n业务段: Industrial and Materials, Technology\n决策年: 2016\n\n[候选供应商画像]\n供应商ID: 000HKB-E\n名称: Digi International, Inc.\n国家: US\nSIC: N/A\n行业: Machinery Manufacturing\n业务段: ['Technology', 'Industrial and Materials']\n单一来源: False\n财务指标: FF_SALES=45.175, FF_NET_MGN=5.2174875484228, FF_DEBT_EQ=0.0, FF_ROIC=4.32385334839966, FF_CURR_RATIO=10.7982791586998, 货币=USD, 财报日期=2016-12-31 00:00:00\n关系信息: revenue_percent=N/A, relationship_start=2016-12-20 00:00:00, source=factset_revere_relationship, source_label=historical", "question": "基于上述目标公司画像和供应商画像，判断在决策年是否应选择该供应商。请只回答 [[1]] 表示选择 或 [[0]] 表示不选择。", "answer": "0", "target_entity_id": "000C6B-E", "supplier_entity_id": "000HKB-E", "year": "2016", "target_info": {"target_entity_id": "000C6B-E", "entity_proper_name": "Anixter International, Inc.", "iso_country": "US", "primary_sic_name": "", "company_id": 739, "industry": "Industrial and Materials", "top_segments": ["Industrial and Materials", "Technology"], "cutoff_date": "2016-12-31", "decision_year": 2016, "self_profile": {"factset_entity_id": "000C6B-E", "company_id": 739, "entity_proper_name": "Anixter International, Inc.", "iso_country": "US", "primary_sic_name": "", "cutoff_date": "2016-12-31", "industry": "Industrial and Materials", "top_segments": ["Industrial and Materials", "Technology"]}, "metadata": {"extraction_date": "2025-10-03 02:33:47", "total_suppliers": 44, "historical_suppliers": 17, "future_new_suppliers": 10, "random_noise_suppliers": 17, "positive_samples": 24, "negative_samples": 20}}, "supplier_raw": {"factset_entity_id": "000HKB-E", "entity_proper_name": "Digi International, Inc.", "iso_country": "US", "primary_sic_name": "", "company_id": "3170.0", "industry": "Machinery Manufacturing", "top_segments": "['Technology', 'Industrial and Materials']", "is_single_source": "False", "FF_SALES": "45.175", "FF_NET_MGN": "5.2174875484228", "FF_DEBT_EQ": "0.0", "FF_ROIC": "4.32385334839966", "FF_CURR_RATIO": "10.7982791586998", "CURRENCY": "USD", "financial_date": "2016-12-31 00:00:00", "revenue_percent": "", "relationship_start": "2016-12-20 00:00:00", "relationship_source": "factset_revere_relationship", "source_label": "historical", "ground_truth_label": "0"}, "source_label": "historical", "relationship_source": "factset_revere_relationship", "revenue_percent": "", "is_single_source": "False", "industry": "Machinery Manufacturing", "top_segments": "['Technology', 'Industrial and Materials']"}
{"context": "[目标公司画像]\n目标ID: 000C6B-E\n公司名: Anixter International, Inc.\n国家: US\nSIC: N/A\n行业: Industrial and Materials\n业务段: Industrial and Materials, Technology\n决策年: 2016\n\n[候选供应商画像]\n供应商ID: 077KNC-E\n名称: Zhejiang Dahua Technology Co. Ltd.\n国家: CN\nSIC: N/A\n行业: Commercial Electronics\n业务段: ['Technology']\n单一来源: False\n财务指标: FF_SALES=5326.64626354, FF_NET_MGN=14.1861068607513, FF_DEBT_EQ=40.6586947304858, FF_ROIC=24.6944962288054, FF_CURR_RATIO=1.93299866266931, 货币=CNY, 财报日期=2016-12-31 00:00:00\n关系信息: revenue_percent=N/A, relationship_start=N/A, source=N/A, source_label=future_new", "question": "基于上述目标公司画像和供应商画像，判断在决策年是否应选择该供应商。请只回答 [[1]] 表示选择 或 [[0]] 表示不选择。", "answer": "1", "target_entity_id": "000C6B-E", "supplier_entity_id": "077KNC-E", "year": "2016", "target_info": {"target_entity_id": "000C6B-E", "entity_proper_name": "Anixter International, Inc.", "iso_country": "US", "primary_sic_name": "", "company_id": 739, "industry": "Industrial and Materials", "top_segments": ["Industrial and Materials", "Technology"], "cutoff_date": "2016-12-31", "decision_year": 2016, "self_profile": {"factset_entity_id": "000C6B-E", "company_id": 739, "entity_proper_name": "Anixter International, Inc.", "iso_country": "US", "primary_sic_name": "", "cutoff_date": "2016-12-31", "industry": "Industrial and Materials", "top_segments": ["Industrial and Materials", "Technology"]}, "metadata": {"extraction_date": "2025-10-03 02:33:47", "total_suppliers": 44, "historical_suppliers": 17, "future_new_suppliers": 10, "random_noise_suppliers": 17, "positive_samples": 24, "negative_samples": 20}}, "supplier_raw": {"factset_entity_id": "077KNC-E", "entity_proper_name": "Zhejiang Dahua Technology Co. Ltd.", "iso_country": "CN", "primary_sic_name": "", "company_id": "1909417.0", "industry": "Commercial Electronics", "top_segments": "['Technology']", "is_single_source": "False", "FF_SALES": "5326.64626354", "FF_NET_MGN": "14.1861068607513", "FF_DEBT_EQ": "40.6586947304858", "FF_ROIC": "24.6944962288054", "FF_CURR_RATIO": "1.93299866266931", "CURRENCY": "CNY", "financial_date": "2016-12-31 00:00:00", "revenue_percent": "", "relationship_start": "", "relationship_source": "", "source_label": "future_new", "ground_truth_label": "1"}, "source_label": "future_new", "relationship_source": "", "revenue_percent": "", "is_single_source": "False", "industry": "Commercial Electronics", "top_segments": "['Technology']"}
{"context": "[目标公司画像]\n目标ID: 000C6B-E\n公司名: Anixter International, Inc.\n国家: US\nSIC: N/A\n行业: Industrial and Materials\n业务段: Industrial and Materials, Technology\n决策年: 2016\n\n[候选供应商画像]\n供应商ID: 05J2WV-E\n名称: Axis AB\n国家: SE\nSIC: N/A\n行业: Electronic Security\n业务段: ['Technology']\n单一来源: False\n财务指标: FF_SALES=227.382575352299, FF_NET_MGN=8.21352244025649, FF_DEBT_EQ=0.131785911660927, FF_ROIC=31.9574926537986, FF_CURR_RATIO=2.24429349972355, 货币=USD, 财报日期=2016-12-31 00:00:00\n关系信息: revenue_percent=N/A, relationship_start=2016-06-24 00:00:00, source=factset_revere_relationship, source_label=future_new", "question": "基于上述目标公司画像和供应商画像，判断在决策年是否应选择该供应商。请只回答 [[1]] 表示选择 或 [[0]] 表示不选择。", "answer": "1", "target_entity_id": "000C6B-E", "supplier_entity_id": "05J2WV-E", "year": "2016", "target_info": {"target_entity_id": "000C6B-E", "entity_proper_name": "Anixter International, Inc.", "iso_country": "US", "primary_sic_name": "", "company_id": 739, "industry": "Industrial and Materials", "top_segments": ["Industrial and Materials", "Technology"], "cutoff_date": "2016-12-31", "decision_year": 2016, "self_profile": {"factset_entity_id": "000C6B-E", "company_id": 739, "entity_proper_name": "Anixter International, Inc.", "iso_country": "US", "primary_sic_name": "", "cutoff_date": "2016-12-31", "industry": "Industrial and Materials", "top_segments": ["Industrial and Materials", "Technology"]}, "metadata": {"extraction_date": "2025-10-03 02:33:47", "total_suppliers": 44, "historical_suppliers": 17, "future_new_suppliers": 10, "random_noise_suppliers": 17, "positive_samples": 24, "negative_samples": 20}}, "supplier_raw": {"factset_entity_id": "05J2WV-E", "entity_proper_name": "Axis AB", "iso_country": "SE", "primary_sic_name": "", "company_id": "194504095.0", "industry": "Electronic Security", "top_segments": "['Technology']", "is_single_source": "False", "FF_SALES": "227.382575352299", "FF_NET_MGN": "8.21352244025649", "FF_DEBT_EQ": "0.131785911660927", "FF_ROIC": "31.9574926537986", "FF_CURR_RATIO": "2.24429349972355", "CURRENCY": "USD", "financial_date": "2016-12-31 00:00:00", "revenue_percent": "", "relationship_start": "2016-06-24 00:00:00", "relationship_source": "factset_revere_relationship", "source_label": "future_new", "ground_truth_label": "1"}, "source_label": "future_new", "relationship_source": "factset_revere_relationship", "revenue_percent": "", "is_single_source": "False", "industry": "Electronic Security", "top_segments": "['Technology']"}
{"context": "[目标公司画像]\n目标ID: 000C6B-E\n公司名: Anixter International, Inc.\n国家: US\nSIC: N/A\n行业: Industrial and Materials\n业务段: Industrial and Materials, Technology\n决策年: 2016\n\n[候选供应商画像]\n供应商ID: 0G7L5S-E\n名称: DZS, Inc.\n国家: US\nSIC: N/A\n行业: Communications Equipment\n业务段: ['Technology']\n单一来源: False\n财务指标: FF_SALES=57.048, FF_NET_MGN=-11.9285513953162, FF_DEBT_EQ=36.7167278637212, FF_ROIC=-31.2767086556992, FF_CURR_RATIO=1.83860731469729, 货币=USD, 财报日期=2016-12-31 00:00:00\n关系信息: revenue_percent=N/A, relationship_start=2016-09-22 00:00:00, source=factset_revere_relationship, source_label=future_new", "question": "基于上述目标公司画像和供应商画像，判断在决策年是否应选择该供应商。请只回答 [[1]] 表示选择 或 [[0]] 表示不选择。", "answer": "1", "target_entity_id": "000C6B-E", "supplier_entity_id": "0G7L5S-E", "year": "2016", "target_info": {"target_entity_id": "000C6B-E", "entity_proper_name": "Anixter International, Inc.", "iso_country": "US", "primary_sic_name": "", "company_id": 739, "industry": "Industrial and Materials", "top_segments": ["Industrial and Materials", "Technology"], "cutoff_date": "2016-12-31", "decision_year": 2016, "self_profile": {"factset_entity_id": "000C6B-E", "company_id": 739, "entity_proper_name": "Anixter International, Inc.", "iso_country": "US", "primary_sic_name": "", "cutoff_date": "2016-12-31", "industry": "Industrial and Materials", "top_segments": ["Industrial and Materials", "Technology"]}, "metadata": {"extraction_date": "2025-10-03 02:33:47", "total_suppliers": 44, "historical_suppliers": 17, "future_new_suppliers": 10, "random_noise_suppliers": 17, "positive_samples": 24, "negative_samples": 20}}, "supplier_raw": {"factset_entity_id": "0G7L5S-E", "entity_proper_name": "DZS, Inc.", "iso_country": "US", "primary_sic_name": "", "company_id": "90935123.0", "industry": "Communications Equipment", "top_segments": "['Technology']", "is_single_source": "False", "FF_SALES": "57.048", "FF_NET_MGN": "-11.9285513953162", "FF_DEBT_EQ": "36.7167278637212", "FF_ROIC": "-31.2767086556992", "FF_CURR_RATIO": "1.83860731469729", "CURRENCY": "USD", "financial_date": "2016-12-31 00:00:00", "revenue_percent": "", "relationship_start": "2016-09-22 00:00:00", "relationship_source": "factset_revere_relationship", "source_label": "future_new", "ground_truth_label": "1"}, "source_label": "future_new", "relationship_source": "factset_revere_relationship", "revenue_percent": "", "is_single_source": "False", "industry": "Communications Equipment", "top_segments": "['Technology']"}
{"context": "[目标公司画像]\n目标ID: 000C6B-E\n公司名: Anixter International, Inc.\n国家: US\nSIC: N/A\n行业: Industrial and Materials\n业务段: Industrial and Materials, Technology\n决策年: 2016\n\n[候选供应商画像]\n供应商ID: 05J9Z0-E\n名称: Jeco Co., Ltd.\n国家: JP\nSIC: N/A\n行业: Transportation Equipment\n业务段: ['Industrial and Materials']\n单一来源: False\n财务指标: FF_SALES=5558.605, FF_NET_MGN=6.5899987496863, FF_DEBT_EQ=0.0, FF_ROIC=2.99367679384855, FF_CURR_RATIO=3.17818695184194, 货币=JPY, 财报日期=2016-12-31 00:00:00\n关系信息: revenue_percent=N/A, relationship_start=N/A, source=N/A, source_label=random_noise", "question": "基于上述目标公司画像和供应商画像，判断在决策年是否应选择该供应商。请只回答 [[1]] 表示选择 或 [[0]] 表示不选择。", "answer": "0", "target_entity_id": "000C6B-E", "supplier_entity_id": "05J9Z0-E", "year": "2016", "target_info": {"target_entity_id": "000C6B-E", "entity_proper_name": "Anixter International, Inc.", "iso_country": "US", "primary_sic_name": "", "company_id": 739, "industry": "Industrial and Materials", "top_segments": ["Industrial and Materials", "Technology"], "cutoff_date": "2016-12-31", "decision_year": 2016, "self_profile": {"factset_entity_id": "000C6B-E", "company_id": 739, "entity_proper_name": "Anixter International, Inc.", "iso_country": "US", "primary_sic_name": "", "cutoff_date": "2016-12-31", "industry": "Industrial and Materials", "top_segments": ["Industrial and Materials", "Technology"]}, "metadata": {"extraction_date": "2025-10-03 02:33:47", "total_suppliers": 44, "historical_suppliers": 17, "future_new_suppliers": 10, "random_noise_suppliers": 17, "positive_samples": 24, "negative_samples": 20}}, "supplier_raw": {"factset_entity_id": "05J9Z0-E", "entity_proper_name": "Jeco Co., Ltd.", "iso_country": "JP", "primary_sic_name": "", "company_id": "22438124.0", "industry": "Transportation Equipment", "top_segments": "['Industrial and Materials']", "is_single_source": "False", "FF_SALES": "5558.605", "FF_NET_MGN": "6.5899987496863", "FF_DEBT_EQ": "0.0", "FF_ROIC": "2.99367679384855", "FF_CURR_RATIO": "3.17818695184194", "CURRENCY": "JPY", "financial_date": "2016-12-31 00:00:00", "revenue_percent": "", "relationship_start": "", "relationship_source": "", "source_label": "random_noise", "ground_truth_label": "0"}, "source_label": "random_noise", "relationship_source": "", "revenue_percent": "", "is_single_source": "False", "industry": "Transportation Equipment", "top_segments": "['Industrial and Materials']"}
{"context": "[目标公司画像]\n目标ID: 000C6B-E\n公司名: Anixter International, Inc.\n国家: US\nSIC: N/A\n行业: Industrial and Materials\n业务段: Industrial and Materials, Technology\n决策年: 2016\n\n[候选供应商画像]\n供应商ID: 000HW8-E\n名称: The Eastern Co.\n国家: US\nSIC: N/A\n行业: Metal\n业务段: ['Industrial and Materials']\n单一来源: False\n财务指标: FF_SALES=34.144942, FF_NET_MGN=7.75912578794247, FF_DEBT_EQ=2.16535446915497, FF_ROIC=9.46249652562421, FF_CURR_RATIO=6.03889560162915, 货币=USD, 财报日期=2016-12-31 00:00:00\n关系信息: revenue_percent=N/A, relationship_start=N/A, source=N/A, source_label=future_new", "question": "基于上述目标公司画像和供应商画像，判断在决策年是否应选择该供应商。请只回答 [[1]] 表示选择 或 [[0]] 表示不选择。", "answer": "1", "target_entity_id": "000C6B-E", "supplier_entity_id": "000HW8-E", "year": "2016", "target_info": {"target_entity_id": "000C6B-E", "entity_proper_name": "Anixter International, Inc.", "iso_country": "US", "primary_sic_name": "", "company_id": 739, "industry": "Industrial and Materials", "top_segments": ["Industrial and Materials", "Technology"], "cutoff_date": "2016-12-31", "decision_year": 2016, "self_profile": {"factset_entity_id": "000C6B-E", "company_id": 739, "entity_proper_name": "Anixter International, Inc.", "iso_country": "US", "primary_sic_name": "", "cutoff_date": "2016-12-31", "industry": "Industrial and Materials", "top_segments": ["Industrial and Materials", "Technology"]}, "metadata": {"extraction_date": "2025-10-03 02:33:47", "total_suppliers": 44, "historical_suppliers": 17, "future_new_suppliers": 10, "random_noise_suppliers": 17, "positive_samples": 24, "negative_samples": 20}}, "supplier_raw": {"factset_entity_id": "000HW8-E", "entity_proper_name": "The Eastern Co.", "iso_country": "US", "primary_sic_name": "", "company_id": "3404.0", "industry": "Metal", "top_segments": "['Industrial and Materials']", "is_single_source": "False", "FF_SALES": "34.144942", "FF_NET_MGN": "7.75912578794247", "FF_DEBT_EQ": "2.16535446915497", "FF_ROIC": "9.46249652562421", "FF_CURR_RATIO": "6.03889560162915", "CURRENCY": "USD", "financial_date": "2016-12-31 00:00:00", "revenue_percent": "", "relationship_start": "", "relationship_source": "", "source_label": "future_new", "ground_truth_label": "1"}, "source_label": "future_new", "relationship_source": "", "revenue_percent": "", "is_single_source": "False", "industry": "Metal", "top_segments": "['Industrial and Materials']"}
{"context": "[目标公司画像]\n目标ID: 000C6B-E\n公司名: Anixter International, Inc.\n国家: US\nSIC: N/A\n行业: Industrial and Materials\n业务段: Industrial and Materials, Technology\n决策年: 2016\n\n[候选供应商画像]\n供应商ID: 000THJ-E\n名称: Plantronics, Inc.\n国家: US\nSIC: N/A\n行业: Enterprise and Technology Consulting\n业务段: ['Technology']\n单一来源: False\n财务指标: FF_SALES=230.755, FF_NET_MGN=9.62969383111959, FF_DEBT_EQ=140.150805438136, FF_ROIC=9.31282671631091, FF_CURR_RATIO=6.04875535193982, 货币=USD, 财报日期=2016-12-31 00:00:00\n关系信息: revenue_percent=N/A, relationship_start=N/A, source=N/A, source_label=future_new", "question": "基于上述目标公司画像和供应商画像，判断在决策年是否应选择该供应商。请只回答 [[1]] 表示选择 或 [[0]] 表示不选择。", "answer": "1", "target_entity_id": "000C6B-E", "supplier_entity_id": "000THJ-E", "year": "2016", "target_info": {"target_entity_id": "000C6B-E", "entity_proper_name": "Anixter International, Inc.", "iso_country": "US", "primary_sic_name": "", "company_id": 739, "industry": "Industrial and Materials", "top_segments": ["Industrial and Materials", "Technology"], "cutoff_date": "2016-12-31", "decision_year": 2016, "self_profile": {"factset_entity_id": "000C6B-E", "company_id": 739, "entity_proper_name": "Anixter International, Inc.", "iso_country": "US", "primary_sic_name": "", "cutoff_date": "2016-12-31", "industry": "Industrial and Materials", "top_segments": ["Industrial and Materials", "Technology"]}, "metadata": {"extraction_date": "2025-10-03 02:33:47", "total_suppliers": 44, "historical_suppliers": 17, "future_new_suppliers": 10, "random_noise_suppliers": 17, "positive_samples": 24, "negative_samples": 20}}, "supplier_raw": {"factset_entity_id": "000THJ-E", "entity_proper_name": "Plantronics, Inc.", "iso_country": "US", "primary_sic_name": "", "company_id": "8138.0", "industry": "Enterprise and Technology Consulting", "top_segments": "['Technology']", "is_single_source": "False", "FF_SALES": "230.755", "FF_NET_MGN": "9.62969383111959", "FF_DEBT_EQ": "140.150805438136", "FF_ROIC": "9.31282671631091", "FF_CURR_RATIO": "6.04875535193982", "CURRENCY": "USD", "financial_date": "2016-12-31 00:00:00", "revenue_percent": "", "relationship_start": "", "relationship_source": "", "source_label": "future_new", "ground_truth_label": "1"}, "source_label": "future_new", "relationship_source": "", "revenue_percent": "", "is_single_source": "False", "industry": "Enterprise and Technology Consulting", "top_segments": "['Technology']"}
{"context": "[目标公司画像]\n目标ID: 000C6B-E\n公司名: Anixter International, Inc.\n国家: US\nSIC: N/A\n行业: Industrial and Materials\n业务段: Industrial and Materials, Technology\n决策年: 2016\n\n[候选供应商画像]\n供应商ID: 00579D-E\n名称: Captor Capital Corp.\n国家: CA\nSIC: N/A\n行业: Miscellaneous\n业务段: ['Finance', 'Industrial and Materials']\n单一来源: False\n财务指标: FF_SALES=0.0, FF_NET_MGN=N/A, FF_DEBT_EQ=N/A, FF_ROIC=N/A, FF_CURR_RATIO=N/A, 货币=USD, 财报日期=2016-12-31 00:00:00\n关系信息: revenue_percent=N/A, relationship_start=N/A, source=N/A, source_label=random_noise", "question": "基于上述目标公司画像和供应商画像，判断在决策年是否应选择该供应商。请只回答 [[1]] 表示选择 或 [[0]] 表示不选择。", "answer": "0", "target_entity_id": "000C6B-E", "supplier_entity_id": "00579D-E", "year": "2016", "target_info": {"target_entity_id": "000C6B-E", "entity_proper_name": "Anixter International, Inc.", "iso_country": "US", "primary_sic_name": "", "company_id": 739, "industry": "Industrial and Materials", "top_segments": ["Industrial and Materials", "Technology"], "cutoff_date": "2016-12-31", "decision_year": 2016, "self_profile": {"factset_entity_id": "000C6B-E", "company_id": 739, "entity_proper_name": "Anixter International, Inc.", "iso_country": "US", "primary_sic_name": "", "cutoff_date": "2016-12-31", "industry": "Industrial and Materials", "top_segments": ["Industrial and Materials", "Technology"]}, "metadata": {"extraction_date": "2025-10-03 02:33:47", "total_suppliers": 44, "historical_suppliers": 17, "future_new_suppliers": 10, "random_noise_suppliers": 17, "positive_samples": 24, "negative_samples": 20}}, "supplier_raw": {"factset_entity_id": "00579D-E", "entity_proper_name": "Captor Capital Corp.", "iso_country": "CA", "primary_sic_name": "", "company_id": "194510182.0", "industry": "Miscellaneous", "top_segments": "['Finance', 'Industrial and Materials']", "is_single_source": "False", "FF_SALES": "0.0", "FF_NET_MGN": "", "FF_DEBT_EQ": "", "FF_ROIC": "", "FF_CURR_RATIO": "", "CURRENCY": "USD", "financial_date": "2016-12-31 00:00:00", "revenue_percent": "", "relationship_start": "", "relationship_source": "", "source_label": "random_noise", "ground_truth_label": "0"}, "source_label": "random_noise", "relationship_source": "", "revenue_percent": "", "is_single_source": "False", "industry": "Miscellaneous", "top_segments": "['Finance', 'Industrial and Materials']"}
{"context": "[目标公司画像]\n目标ID: 000C6B-E\n公司名: Anixter International, Inc.\n国家: US\nSIC: N/A\n行业: Industrial and Materials\n业务段: Industrial and Materials, Technology\n决策年: 2016\n\n[候选供应商画像]\n供应商ID: 0BTZL3-E\n名称: Prologis, Inc.\n国家: US\nSIC: N/A\n行业: Finance\n业务段: ['Finance']\n单一来源: False\n财务指标: FF_SALES=0.0, FF_NET_MGN=N/A, FF_DEBT_EQ=40.838113448056, FF_ROIC=N/A, FF_CURR_RATIO=11.3988335576492, 货币=USD, 财报日期=2016-12-31 00:00:00\n关系信息: revenue_percent=N/A, relationship_start=2016-03-03 00:00:00, source=factset_revere_relationship, source_label=future_new", "question": "基于上述目标公司画像和供应商画像，判断在决策年是否应选择该供应商。请只回答 [[1]] 表示选择 或 [[0]] 表示不选择。", "answer": "1", "target_entity_id": "000C6B-E", "supplier_entity_id": "0BTZL3-E", "year": "2016", "target_info": {"target_entity_id": "000C6B-E", "entity_proper_name": "Anixter International, Inc.", "iso_country": "US", "primary_sic_name": "", "company_id": 739, "industry": "Industrial and Materials", "top_segments": ["Industrial and Materials", "Technology"], "cutoff_date": "2016-12-31", "decision_year": 2016, "self_profile": {"factset_entity_id": "000C6B-E", "company_id": 739, "entity_proper_name": "Anixter International, Inc.", "iso_country": "US", "primary_sic_name": "", "cutoff_date": "2016-12-31", "industry": "Industrial and Materials", "top_segments": ["Industrial and Materials", "Technology"]}, "metadata": {"extraction_date": "2025-10-03 02:33:47", "total_suppliers": 44, "historical_suppliers": 17, "future_new_suppliers": 10, "random_noise_suppliers": 17, "positive_samples": 24, "negative_samples": 20}}, "supplier_raw": {"factset_entity_id": "0BTZL3-E", "entity_proper_name": "Prologis, Inc.", "iso_country": "US", "primary_sic_name": "", "company_id": "443.0", "industry": "Finance", "top_segments": "['Finance']", "is_single_source": "False", "FF_SALES": "0.0", "FF_NET_MGN": "", "FF_DEBT_EQ": "40.838113448056", "FF_ROIC": "", "FF_CURR_RATIO": "11.3988335576492", "CURRENCY": "USD", "financial_date": "2016-12-31 00:00:00", "revenue_percent": "", "relationship_start": "2016-03-03 00:00:00", "relationship_source": "factset_revere_relationship", "source_label": "future_new", "ground_truth_label": "1"}, "source_label": "future_new", "relationship_source": "factset_revere_relationship", "revenue_percent": "", "is_single_source": "False", "industry": "Finance", "top_segments": "['Finance']"}
{"context": "[目标公司画像]\n目标ID: 000C6B-E\n公司名: Anixter International, Inc.\n国家: US\nSIC: N/A\n行业: Industrial and Materials\n业务段: Industrial and Materials, Technology\n决策年: 2016\n\n[候选供应商画像]\n供应商ID: 005V83-E\n名称: Quinsam Capital Corp.\n国家: CA\nSIC: N/A\n行业: Canada\n业务段: ['Finance']\n单一来源: False\n财务指标: FF_SALES=-0.029545, FF_NET_MGN=N/A, FF_DEBT_EQ=0.0, FF_ROIC=25.852141127737, FF_CURR_RATIO=N/A, 货币=CAD, 财报日期=2016-12-31 00:00:00\n关系信息: revenue_percent=N/A, relationship_start=N/A, source=N/A, source_label=random_noise", "question": "基于上述目标公司画像和供应商画像，判断在决策年是否应选择该供应商。请只回答 [[1]] 表示选择 或 [[0]] 表示不选择。", "answer": "0", "target_entity_id": "000C6B-E", "supplier_entity_id": "005V83-E", "year": "2016", "target_info": {"target_entity_id": "000C6B-E", "entity_proper_name": "Anixter International, Inc.", "iso_country": "US", "primary_sic_name": "", "company_id": 739, "industry": "Industrial and Materials", "top_segments": ["Industrial and Materials", "Technology"], "cutoff_date": "2016-12-31", "decision_year": 2016, "self_profile": {"factset_entity_id": "000C6B-E", "company_id": 739, "entity_proper_name": "Anixter International, Inc.", "iso_country": "US", "primary_sic_name": "", "cutoff_date": "2016-12-31", "industry": "Industrial and Materials", "top_segments": ["Industrial and Materials", "Technology"]}, "metadata": {"extraction_date": "2025-10-03 02:33:47", "total_suppliers": 44, "historical_suppliers": 17, "future_new_suppliers": 10, "random_noise_suppliers": 17, "positive_samples": 24, "negative_samples": 20}}, "supplier_raw": {"factset_entity_id": "005V83-E", "entity_proper_name": "Quinsam Capital Corp.", "iso_country": "CA", "primary_sic_name": "", "company_id": "194509896.0", "industry": "Canada", "top_segments": "['Finance']", "is_single_source": "False", "FF_SALES": "-0.029545", "FF_NET_MGN": "", "FF_DEBT_EQ": "0.0", "FF_ROIC": "25.852141127737", "FF_CURR_RATIO": "", "CURRENCY": "CAD", "financial_date": "2016-12-31 00:00:00", "revenue_percent": "", "relationship_start": "", "relationship_source": "", "source_label": "random_noise", "ground_truth_label": "0"}, "source_label": "random_noise", "relationship_source": "", "revenue_percent": "", "is_single_source": "False", "industry": "Canada", "top_segments": "['Finance']"}
{"context": "[目标公司画像]\n目标ID: 001274-E\n公司名: PG&E Corp.\n国家: US\nSIC: N/A\n行业: United States\n业务段: Business and Public Services, Energy\n决策年: 2016\n\n[候选供应商画像]\n供应商ID: 0BCNNV-E\n名称: Veresen, Inc.\n国家: CA\nSIC: N/A\n行业: Wholesale Power Generation\n业务段: ['Business and Public Services', 'Energy']\n单一来源: False\n财务指标: FF_SALES=198.8885414, FF_NET_MGN=12.9141133115072, FF_DEBT_EQ=0.0, FF_ROIC=12.4207616470371, FF_CURR_RATIO=1.18287127781059, 货币=USD, 财报日期=2014-12-31 00:00:00\n关系信息: revenue_percent=N/A, relationship_start=2015-08-11 00:00:00, source=factset_revere_relationship, source_label=historical", "question": "基于上述目标公司画像和供应商画像，判断在决策年是否应选择该供应商。请只回答 [[1]] 表示选择 或 [[0]] 表示不选择。", "answer": "1", "target_entity_id": "001274-E", "supplier_entity_id": "0BCNNV-E", "year": "2016", "target_info": {"target_entity_id": "001274-E", "entity_proper_name": "PG&E Corp.", "iso_country": "US", "primary_sic_name": "", "company_id": 8013, "industry": "United States", "top_segments": ["Business and Public Services", "Energy"], "cutoff_date": "2016-12-31", "decision_year": 2016, "self_profile": {"factset_entity_id": "001274-E", "company_id": 8013, "entity_proper_name": "PG&E Corp.", "iso_country": "US", "primary_sic_name": "", "cutoff_date": "2016-12-31", "industry": "United States", "top_segments": ["Business and Public Services", "Energy"]}, "metadata": {"extraction_date": "2025-10-03 05:01:20", "total_suppliers": 110, "historical_suppliers": 45, "future_new_suppliers": 20, "random_noise_suppliers": 45, "positive_samples": 48, "negative_samples": 62}}, "supplier_raw": {"factset_entity_id": "0BCNNV-E", "entity_proper_name": "Veresen, Inc.", "iso_country": "CA", "primary_sic_name": "", "company_id": "194525924.0", "industry": "Wholesale Power Generation", "top_segments": "['Business and Public Services', 'Energy']", "is_single_source": "False", "FF_SALES": "198.8885414", "FF_NET_MGN": "12.9141133115072", "FF_DEBT_EQ": "0.0", "FF_ROIC": "12.4207616470371", "FF_CURR_RATIO": "1.18287127781059", "CURRENCY": "USD", "financial_date": "2014-12-31 00:00:00", "revenue_percent": "", "relationship_start": "2015-08-11 00:00:00", "relationship_source": "factset_revere_relationship", "source_label": "historical", "ground_truth_label": "1"}, "source_label": "historical", "relationship_source": "factset_revere_relationship", "revenue_percent": "", "is_single_source": "False", "industry": "Wholesale Power Generation", "top_segments": "['Business and Public Services', 'Energy']"}
{"context": "[目标公司画像]\n目标ID: 001274-E\n公司名: PG&E Corp.\n国家: US\nSIC: N/A\n行业: United States\n业务段: Business and Public Services, Energy\n决策年: 2016\n\n[候选供应商画像]\n供应商ID: 066D0H-E\n名称: Pike Corp.\n国家: US\nSIC: N/A\n行业: Consulting, Planning and Design\n业务段: ['Business and Public Services']\n单一来源: False\n财务指标: FF_SALES=995.6286108, FF_NET_MGN=44.5960429354508, FF_DEBT_EQ=8.41744581659198, FF_ROIC=23.289495359777, FF_CURR_RATIO=2.99848562543421, 货币=CNY, 财报日期=2016-12-31 00:00:00\n关系信息: revenue_percent=N/A, relationship_start=2013-10-08 00:00:00, source=factset_revere_relationship, source_label=historical", "question": "基于上述目标公司画像和供应商画像，判断在决策年是否应选择该供应商。请只回答 [[1]] 表示选择 或 [[0]] 表示不选择。", "answer": "1", "target_entity_id": "001274-E", "supplier_entity_id": "066D0H-E", "year": "2016", "target_info": {"target_entity_id": "001274-E", "entity_proper_name": "PG&E Corp.", "iso_country": "US", "primary_sic_name": "", "company_id": 8013, "industry": "United States", "top_segments": ["Business and Public Services", "Energy"], "cutoff_date": "2016-12-31", "decision_year": 2016, "self_profile": {"factset_entity_id": "001274-E", "company_id": 8013, "entity_proper_name": "PG&E Corp.", "iso_country": "US", "primary_sic_name": "", "cutoff_date": "2016-12-31", "industry": "United States", "top_segments": ["Business and Public Services", "Energy"]}, "metadata": {"extraction_date": "2025-10-03 05:01:20", "total_suppliers": 110, "historical_suppliers": 45, "future_new_suppliers": 20, "random_noise_suppliers": 45, "positive_samples": 48, "negative_samples": 62}}, "supplier_raw": {"factset_entity_id": "066D0H-E", "entity_proper_name": "Pike Corp.", "iso_country": "US", "primary_sic_name": "", "company_id": "1749338.0", "industry": "Consulting, Planning and Design", "top_segments": "['Business and Public Services']", "is_single_source": "False", "FF_SALES": "995.6286108", "FF_NET_MGN": "44.5960429354508", "FF_DEBT_EQ": "8.41744581659198", "FF_ROIC": "23.289495359777", "FF_CURR_RATIO": "2.99848562543421", "CURRENCY": "CNY", "financial_date": "2016-12-31 00:00:00", "revenue_percent": "", "relationship_start": "2013-10-08 00:00:00", "relationship_source": "factset_revere_relationship", "source_label": "historical", "ground_truth_label": "1"}, "source_label": "historical", "relationship_source": "factset_revere_relationship", "revenue_percent": "", "is_single_source": "False", "industry": "Consulting, Planning and Design", "top_segments": "['Business and Public Services']"}
{"context": "[目标公司画像]\n目标ID: 001274-E\n公司名: PG&E Corp.\n国家: US\nSIC: N/A\n行业: United States\n业务段: Business and Public Services, Energy\n决策年: 2016\n\n[候选供应商画像]\n供应商ID: 0HQDQG-E\n名称: Berry Corp.\n国家: US\nSIC: N/A\n行业: Conventional\n业务段: ['Energy', 'Business and Public Services', 'Unclassifiable']\n单一来源: False\n财务指标: FF_SALES=97.861, FF_NET_MGN=-68.2386241710181, FF_DEBT_EQ=177.201702709742, FF_ROIC=-81.8759032569892, FF_CURR_RATIO=0.0953316968528189, 货币=USD, 财报日期=2016-12-31 00:00:00\n关系信息: revenue_percent=N/A, relationship_start=N/A, source=N/A, source_label=historical", "question": "基于上述目标公司画像和供应商画像，判断在决策年是否应选择该供应商。请只回答 [[1]] 表示选择 或 [[0]] 表示不选择。", "answer": "0", "target_entity_id": "001274-E", "supplier_entity_id": "0HQDQG-E", "year": "2016", "target_info": {"target_entity_id": "001274-E", "entity_proper_name": "PG&E Corp.", "iso_country": "US", "primary_sic_name": "", "company_id": 8013, "industry": "United States", "top_segments": ["Business and Public Services", "Energy"], "cutoff_date": "2016-12-31", "decision_year": 2016, "self_profile": {"factset_entity_id": "001274-E", "company_id": 8013, "entity_proper_name": "PG&E Corp.", "iso_country": "US", "primary_sic_name": "", "cutoff_date": "2016-12-31", "industry": "United States", "top_segments": ["Business and Public Services", "Energy"]}, "metadata": {"extraction_date": "2025-10-03 05:01:20", "total_suppliers": 110, "historical_suppliers": 45, "future_new_suppliers": 20, "random_noise_suppliers": 45, "positive_samples": 48, "negative_samples": 62}}, "supplier_raw": {"factset_entity_id": "0HQDQG-E", "entity_proper_name": "Berry Corp.", "iso_country": "US", "primary_sic_name": "", "company_id": "117595109.0", "industry": "Conventional", "top_segments": "['Energy', 'Business and Public Services', 'Unclassifiable']", "is_single_source": "False", "FF_SALES": "97.861", "FF_NET_MGN": "-68.2386241710181", "FF_DEBT_EQ": "177.201702709742", "FF_ROIC": "-81.8759032569892", "FF_CURR_RATIO": "0.0953316968528189", "CURRENCY": "USD", "financial_date": "2016-12-31 00:00:00", "revenue_percent": "", "relationship_start": "", "relationship_source": "", "source_label": "historical", "ground_truth_label": "0"}, "source_label": "historical", "relationship_source": "", "revenue_percent": "", "is_single_source": "False", "industry": "Conventional", "top_segments": "['Energy', 'Business and Public Services', 'Unclassifiable']"}
{"context": "[目标公司画像]\n目标ID: 001274-E\n公司名: PG&E Corp.\n国家: US\nSIC: N/A\n行业: United States\n业务段: Business and Public Services, Energy\n决策年: 2016\n\n[候选供应商画像]\n供应商ID: 008JWZ-E\n名称: Willdan Group, Inc.\n国家: US\nSIC: N/A\n行业: Administrative/Support Services\n业务段: ['Business and Public Services', 'Consumer']\n单一来源: False\n财务指标: FF_SALES=57.425, FF_NET_MGN=2.73225946887244, FF_DEBT_EQ=13.2016507071597, FF_ROIC=18.2079466420939, FF_CURR_RATIO=1.47381101621876, 货币=USD, 财报日期=2016-12-31 00:00:00\n关系信息: revenue_percent=N/A, relationship_start=2016-04-22 00:00:00, source=factset_revere_relationship, source_label=historical", "question": "基于上述目标公司画像和供应商画像，判断在决策年是否应选择该供应商。请只回答 [[1]] 表示选择 或 [[0]] 表示不选择。", "answer": "1", "target_entity_id": "001274-E", "supplier_entity_id": "008JWZ-E", "year": "2016", "target_info": {"target_entity_id": "001274-E", "entity_proper_name": "PG&E Corp.", "iso_country": "US", "primary_sic_name": "", "company_id": 8013, "industry": "United States", "top_segments": ["Business and Public Services", "Energy"], "cutoff_date": "2016-12-31", "decision_year": 2016, "self_profile": {"factset_entity_id": "001274-E", "company_id": 8013, "entity_proper_name": "PG&E Corp.", "iso_country": "US", "primary_sic_name": "", "cutoff_date": "2016-12-31", "industry": "United States", "top_segments": ["Business and Public Services", "Energy"]}, "metadata": {"extraction_date": "2025-10-03 05:01:20", "total_suppliers": 110, "historical_suppliers": 45, "future_new_suppliers": 20, "random_noise_suppliers": 45, "positive_samples": 48, "negative_samples": 62}}, "supplier_raw": {"factset_entity_id": "008JWZ-E", "entity_proper_name": "Willdan Group, Inc.", "iso_country": "US", "primary_sic_name": "", "company_id": "1817947.0", "industry": "Administrative/Support Services", "top_segments": "['Business and Public Services', 'Consumer']", "is_single_source": "False", "FF_SALES": "57.425", "FF_NET_MGN": "2.73225946887244", "FF_DEBT_EQ": "13.2016507071597", "FF_ROIC": "18.2079466420939", "FF_CURR_RATIO": "1.47381101621876", "CURRENCY": "USD", "financial_date": "2016-12-31 00:00:00", "revenue_percent": "", "relationship_start": "2016-04-22 00:00:00", "relationship_source": "factset_revere_relationship", "source_label": "historical", "ground_truth_label": "1"}, "source_label": "historical", "relationship_source": "factset_revere_relationship", "revenue_percent": "", "is_single_source": "False", "industry": "Administrative/Support Services", "top_segments": "['Business and Public Services', 'Consumer']"}
{"context": "[目标公司画像]\n目标ID: 001274-E\n公司名: PG&E Corp.\n国家: US\nSIC: N/A\n行业: United States\n业务段: Business and Public Services, Energy\n决策年: 2016\n\n[候选供应商画像]\n供应商ID: 000L7C-E\n名称: Granite Construction, Inc.\n国家: US\nSIC: N/A\n行业: Industrial and Materials\n业务段: ['Industrial and Materials', 'Business and Public Services', 'Finance']\n单一来源: False\n财务指标: FF_SALES=666.681, FF_NET_MGN=2.42589784319637, FF_DEBT_EQ=27.5730596802665, FF_ROIC=0.926082505532311, FF_CURR_RATIO=2.05495778719614, 货币=USD, 财报日期=2016-12-31 00:00:00\n关系信息: revenue_percent=N/A, relationship_start=2015-03-31 00:00:00, source=factset_revere_relationship, source_label=historical", "question": "基于上述目标公司画像和供应商画像，判断在决策年是否应选择该供应商。请只回答 [[1]] 表示选择 或 [[0]] 表示不选择。", "answer": "0", "target_entity_id": "001274-E", "supplier_entity_id": "000L7C-E", "year": "2016", "target_info": {"target_entity_id": "001274-E", "entity_proper_name": "PG&E Corp.", "iso_country": "US", "primary_sic_name": "", "company_id": 8013, "industry": "United States", "top_segments": ["Business and Public Services", "Energy"], "cutoff_date": "2016-12-31", "decision_year": 2016, "self_profile": {"factset_entity_id": "001274-E", "company_id": 8013, "entity_proper_name": "PG&E Corp.", "iso_country": "US", "primary_sic_name": "", "cutoff_date": "2016-12-31", "industry": "United States", "top_segments": ["Business and Public Services", "Energy"]}, "metadata": {"extraction_date": "2025-10-03 05:01:20", "total_suppliers": 110, "historical_suppliers": 45, "future_new_suppliers": 20, "random_noise_suppliers": 45, "positive_samples": 48, "negative_samples": 62}}, "supplier_raw": {"factset_entity_id": "000L7C-E", "entity_proper_name": "Granite Construction, Inc.", "iso_country": "US", "primary_sic_name": "", "company_id": "4598.0", "industry": "Industrial and Materials", "top_segments": "['Industrial and Materials', 'Business and Public Services', 'Finance']", "is_single_source": "False", "FF_SALES": "666.681", "FF_NET_MGN": "2.42589784319637", "FF_DEBT_EQ": "27.5730596802665", "FF_ROIC": "0.926082505532311", "FF_CURR_RATIO": "2.05495778719614", "CURRENCY": "USD", "financial_date": "2016-12-31 00:00:00", "revenue_percent": "", "relationship_start": "2015-03-31 00:00:00", "relationship_source": "factset_revere_relationship", "source_label": "historical", "ground_truth_label": "0"}, "source_label": "historical", "relationship_source": "factset_revere_relationship", "revenue_percent": "", "is_single_source": "False", "industry": "Industrial and Materials", "top_segments": "['Industrial and Materials', 'Business and Public Services', 'Finance']"}
{"context": "[目标公司画像]\n目标ID: 001274-E\n公司名: PG&E Corp.\n国家: US\nSIC: N/A\n行业: United States\n业务段: Business and Public Services, Energy\n决策年: 2016\n\n[候选供应商画像]\n供应商ID: 009M14-E\n名称: Opower, Inc.\n国家: US\nSIC: N/A\n行业: Technology\n业务段: ['Technology']\n单一来源: False\n财务指标: FF_SALES=36.689, FF_NET_MGN=-30.3933058955, FF_DEBT_EQ=0.0, FF_ROIC=-53.202284688218, FF_CURR_RATIO=1.30565621911459, 货币=USD, 财报日期=2016-03-31 00:00:00\n关系信息: revenue_percent=13.0, relationship_start=2015-05-05 00:00:00, source=factset_revere_relationship, source_label=historical", "question": "基于上述目标公司画像和供应商画像，判断在决策年是否应选择该供应商。请只回答 [[1]] 表示选择 或 [[0]] 表示不选择。", "answer": "1", "target_entity_id": "001274-E", "supplier_entity_id": "009M14-E", "year": "2016", "target_info": {"target_entity_id": "001274-E", "entity_proper_name": "PG&E Corp.", "iso_country": "US", "primary_sic_name": "", "company_id": 8013, "industry": "United States", "top_segments": ["Business and Public Services", "Energy"], "cutoff_date": "2016-12-31", "decision_year": 2016, "self_profile": {"factset_entity_id": "001274-E", "company_id": 8013, "entity_proper_name": "PG&E Corp.", "iso_country": "US", "primary_sic_name": "", "cutoff_date": "2016-12-31", "industry": "United States", "top_segments": ["Business and Public Services", "Energy"]}, "metadata": {"extraction_date": "2025-10-03 05:01:20", "total_suppliers": 110, "historical_suppliers": 45, "future_new_suppliers": 20, "random_noise_suppliers": 45, "positive_samples": 48, "negative_samples": 62}}, "supplier_raw": {"factset_entity_id": "009M14-E", "entity_proper_name": "Opower, Inc.", "iso_country": "US", "primary_sic_name": "", "company_id": "24758173.0", "industry": "Technology", "top_segments": "['Technology']", "is_single_source": "False", "FF_SALES": "36.689", "FF_NET_MGN": "-30.3933058955", "FF_DEBT_EQ": "0.0", "FF_ROIC": "-53.202284688218", "FF_CURR_RATIO": "1.30565621911459", "CURRENCY": "USD", "financial_date": "2016-03-31 00:00:00", "revenue_percent": "13.0", "relationship_start": "2015-05-05 00:00:00", "relationship_source": "factset_revere_relationship", "source_label": "historical", "ground_truth_label": "1"}, "source_label": "historical", "relationship_source": "factset_revere_relationship", "revenue_percent": "13.0", "is_single_source": "False", "industry": "Technology", "top_segments": "['Technology']"}
{"context": "[目标公司画像]\n目标ID: 001274-E\n公司名: PG&E Corp.\n国家: US\nSIC: N/A\n行业: United States\n业务段: Business and Public Services, Energy\n决策年: 2016\n\n[候选供应商画像]\n供应商ID: 0DQLJC-E\n名称: TerraForm Power, Inc.\n国家: US\nSIC: N/A\n行业: Business and Public Services\n业务段: ['Business and Public Services']\n单一来源: False\n财务指标: FF_SALES=137.885, FF_NET_MGN=-62.5521267723103, FF_DEBT_EQ=315.327182018218, FF_ROIC=-3.97896405509454, FF_CURR_RATIO=0.372830534649447, 货币=USD, 财报日期=2016-12-31 00:00:00\n关系信息: revenue_percent=N/A, relationship_start=2016-12-12 00:00:00, source=factset_revere_relationship, source_label=historical", "question": "基于上述目标公司画像和供应商画像，判断在决策年是否应选择该供应商。请只回答 [[1]] 表示选择 或 [[0]] 表示不选择。", "answer": "0", "target_entity_id": "001274-E", "supplier_entity_id": "0DQLJC-E", "year": "2016", "target_info": {"target_entity_id": "001274-E", "entity_proper_name": "PG&E Corp.", "iso_country": "US", "primary_sic_name": "", "company_id": 8013, "industry": "United States", "top_segments": ["Business and Public Services", "Energy"], "cutoff_date": "2016-12-31", "decision_year": 2016, "self_profile": {"factset_entity_id": "001274-E", "company_id": 8013, "entity_proper_name": "PG&E Corp.", "iso_country": "US", "primary_sic_name": "", "cutoff_date": "2016-12-31", "industry": "United States", "top_segments": ["Business and Public Services", "Energy"]}, "metadata": {"extraction_date": "2025-10-03 05:01:20", "total_suppliers": 110, "historical_suppliers": 45, "future_new_suppliers": 20, "random_noise_suppliers": 45, "positive_samples": 48, "negative_samples": 62}}, "supplier_raw": {"factset_entity_id": "0DQLJC-E", "entity_proper_name": "TerraForm Power, Inc.", "iso_country": "US", "primary_sic_name": "", "company_id": "16086216.0", "industry": "Business and Public Services", "top_segments": "['Business and Public Services']", "is_single_source": "False", "FF_SALES": "137.885", "FF_NET_MGN": "-62.5521267723103", "FF_DEBT_EQ": "315.327182018218", "FF_ROIC": "-3.97896405509454", "FF_CURR_RATIO": "0.372830534649447", "CURRENCY": "USD", "financial_date": "2016-12-31 00:00:00", "revenue_percent": "", "relationship_start": "2016-12-12 00:00:00", "relationship_source": "factset_revere_relationship", "source_label": "historical", "ground_truth_label": "0"}, "source_label": "historical", "relationship_source": "factset_revere_relationship", "revenue_percent": "", "is_single_source": "False", "industry": "Business and Public Services", "top_segments": "['Business and Public Services']"}
{"context": "[目标公司画像]\n目标ID: 001274-E\n公司名: PG&E Corp.\n国家: US\nSIC: N/A\n行业: United States\n业务段: Business and Public Services, Energy\n决策年: 2016\n\n[候选供应商画像]\n供应商ID: 0DQ4HV-E\n名称: NextEra Energy Partners LP\n国家: US\nSIC: N/A\n行业: Electricity\n业务段: ['Energy', 'Business and Public Services']\n单一来源: False\n财务指标: FF_SALES=176.0, FF_NET_MGN=24.4318181818182, FF_DEBT_EQ=205.737234652897, FF_ROIC=1.74479714105529, FF_CURR_RATIO=0.894206549118388, 货币=USD, 财报日期=2016-12-31 00:00:00\n关系信息: revenue_percent=28.0, relationship_start=2016-04-05 00:00:00, source=factset_revere_relationship, source_label=historical", "question": "基于上述目标公司画像和供应商画像，判断在决策年是否应选择该供应商。请只回答 [[1]] 表示选择 或 [[0]] 表示不选择。", "answer": "1", "target_entity_id": "001274-E", "supplier_entity_id": "0DQ4HV-E", "year": "2016", "target_info": {"target_entity_id": "001274-E", "entity_proper_name": "PG&E Corp.", "iso_country": "US", "primary_sic_name": "", "company_id": 8013, "industry": "United States", "top_segments": ["Business and Public Services", "Energy"], "cutoff_date": "2016-12-31", "decision_year": 2016, "self_profile": {"factset_entity_id": "001274-E", "company_id": 8013, "entity_proper_name": "PG&E Corp.", "iso_country": "US", "primary_sic_name": "", "cutoff_date": "2016-12-31", "industry": "United States", "top_segments": ["Business and Public Services", "Energy"]}, "metadata": {"extraction_date": "2025-10-03 05:01:20", "total_suppliers": 110, "historical_suppliers": 45, "future_new_suppliers": 20, "random_noise_suppliers": 45, "positive_samples": 48, "negative_samples": 62}}, "supplier_raw": {"factset_entity_id": "0DQ4HV-E", "entity_proper_name": "NextEra Energy Partners LP", "iso_country": "US", "primary_sic_name": "", "company_id": "16079227.0", "industry": "Electricity", "top_segments": "['Energy', 'Business and Public Services']", "is_single_source": "False", "FF_SALES": "176.0", "FF_NET_MGN": "24.4318181818182", "FF_DEBT_EQ": "205.737234652897", "FF_ROIC": "1.74479714105529", "FF_CURR_RATIO": "0.894206549118388", "CURRENCY": "USD", "financial_date": "2016-12-31 00:00:00", "revenue_percent": "28.0", "relationship_start": "2016-04-05 00:00:00", "relationship_source": "factset_revere_relationship", "source_label": "historical", "ground_truth_label": "1"}, "source_label": "historical", "relationship_source": "factset_revere_relationship", "revenue_percent": "28.0", "is_single_source": "False", "industry": "Electricity", "top_segments": "['Energy', 'Business and Public Services']"}
{"context": "[目标公司画像]\n目标ID: 001274-E\n公司名: PG&E Corp.\n国家: US\nSIC: N/A\n行业: United States\n业务段: Business and Public Services, Energy\n决策年: 2016\n\n[候选供应商画像]\n供应商ID: 00247H-E\n名称: Sempra Energy\n国家: US\nSIC: N/A\n行业: Utilities\n业务段: ['Business and Public Services', 'Energy']\n单一来源: False\n财务指标: FF_SALES=0.0, FF_NET_MGN=N/A, FF_DEBT_EQ=22.8747470580854, FF_ROIC=111.329853060412, FF_CURR_RATIO=5.04198320671731, 货币=CAD, 财报日期=2016-12-31 00:00:00\n关系信息: revenue_percent=N/A, relationship_start=2012-03-28 00:00:00, source=factset_revere_relationship, source_label=historical", "question": "基于上述目标公司画像和供应商画像，判断在决策年是否应选择该供应商。请只回答 [[1]] 表示选择 或 [[0]] 表示不选择。", "answer": "1", "target_entity_id": "001274-E", "supplier_entity_id": "00247H-E", "year": "2016", "target_info": {"target_entity_id": "001274-E", "entity_proper_name": "PG&E Corp.", "iso_country": "US", "primary_sic_name": "", "company_id": 8013, "industry": "United States", "top_segments": ["Business and Public Services", "Energy"], "cutoff_date": "2016-12-31", "decision_year": 2016, "self_profile": {"factset_entity_id": "001274-E", "company_id": 8013, "entity_proper_name": "PG&E Corp.", "iso_country": "US", "primary_sic_name": "", "cutoff_date": "2016-12-31", "industry": "United States", "top_segments": ["Business and Public Services", "Energy"]}, "metadata": {"extraction_date": "2025-10-03 05:01:20", "total_suppliers": 110, "historical_suppliers": 45, "future_new_suppliers": 20, "random_noise_suppliers": 45, "positive_samples": 48, "negative_samples": 62}}, "supplier_raw": {"factset_entity_id": "00247H-E", "entity_proper_name": "Sempra Energy", "iso_country": "US", "primary_sic_name": "", "company_id": "16053.0", "industry": "Utilities", "top_segments": "['Business and Public Services', 'Energy']", "is_single_source": "False", "FF_SALES": "0.0", "FF_NET_MGN": "", "FF_DEBT_EQ": "22.8747470580854", "FF_ROIC": "111.329853060412", "FF_CURR_RATIO": "5.04198320671731", "CURRENCY": "CAD", "financial_date": "2016-12-31 00:00:00", "revenue_percent": "", "relationship_start": "2012-03-28 00:00:00", "relationship_source": "factset_revere_relationship", "source_label": "historical", "ground_truth_label": "1"}, "source_label": "historical", "relationship_source": "factset_revere_relationship", "revenue_percent": "", "is_single_source": "False", "industry": "Utilities", "top_segments": "['Business and Public Services', 'Energy']"}
{"context": "[目标公司画像]\n目标ID: 001274-E\n公司名: PG&E Corp.\n国家: US\nSIC: N/A\n行业: United States\n业务段: Business and Public Services, Energy\n决策年: 2016\n\n[候选供应商画像]\n供应商ID: 07CBWV-E\n名称: Primoris Services Corp.\n国家: US\nSIC: N/A\n行业: Construction and Engineering\n业务段: ['Business and Public Services']\n单一来源: False\n财务指标: FF_SALES=601.863, FF_NET_MGN=2.4042016206346, FF_DEBT_EQ=52.6334520288488, FF_ROIC=3.80704766110822, FF_CURR_RATIO=1.62551507096533, 货币=USD, 财报日期=2016-12-31 00:00:00\n关系信息: revenue_percent=N/A, relationship_start=2016-03-09 00:00:00, source=factset_revere_relationship, source_label=historical", "question": "基于上述目标公司画像和供应商画像，判断在决策年是否应选择该供应商。请只回答 [[1]] 表示选择 或 [[0]] 表示不选择。", "answer": "1", "target_entity_id": "001274-E", "supplier_entity_id": "07CBWV-E", "year": "2016", "target_info": {"target_entity_id": "001274-E", "entity_proper_name": "PG&E Corp.", "iso_country": "US", "primary_sic_name": "", "company_id": 8013, "industry": "United States", "top_segments": ["Business and Public Services", "Energy"], "cutoff_date": "2016-12-31", "decision_year": 2016, "self_profile": {"factset_entity_id": "001274-E", "company_id": 8013, "entity_proper_name": "PG&E Corp.", "iso_country": "US", "primary_sic_name": "", "cutoff_date": "2016-12-31", "industry": "United States", "top_segments": ["Business and Public Services", "Energy"]}, "metadata": {"extraction_date": "2025-10-03 05:01:20", "total_suppliers": 110, "historical_suppliers": 45, "future_new_suppliers": 20, "random_noise_suppliers": 45, "positive_samples": 48, "negative_samples": 62}}, "supplier_raw": {"factset_entity_id": "07CBWV-E", "entity_proper_name": "Primoris Services Corp.", "iso_country": "US", "primary_sic_name": "", "company_id": "1924519.0", "industry": "Construction and Engineering", "top_segments": "['Business and Public Services']", "is_single_source": "False", "FF_SALES": "601.863", "FF_NET_MGN": "2.4042016206346", "FF_DEBT_EQ": "52.6334520288488", "FF_ROIC": "3.80704766110822", "FF_CURR_RATIO": "1.62551507096533", "CURRENCY": "USD", "financial_date": "2016-12-31 00:00:00", "revenue_percent": "", "relationship_start": "2016-03-09 00:00:00", "relationship_source": "factset_revere_relationship", "source_label": "historical", "ground_truth_label": "1"}, "source_label": "historical", "relationship_source": "factset_revere_relationship", "revenue_percent": "", "is_single_source": "False", "industry": "Construction and Engineering", "top_segments": "['Business and Public Services']"}
{"context": "[目标公司画像]\n目标ID: 001274-E\n公司名: PG&E Corp.\n国家: US\nSIC: N/A\n行业: United States\n业务段: Business and Public Services, Energy\n决策年: 2016\n\n[候选供应商画像]\n供应商ID: 0035XX-E\n名称: Fluor Corp.\n国家: US\nSIC: N/A\n行业: Power Generation/Support Products\n业务段: ['Business and Public Services', 'Energy', 'Industrial and Materials']\n单一来源: False\n财务指标: FF_SALES=4989.6, FF_NET_MGN=1.41293891293891, FF_DEBT_EQ=51.2030144717555, FF_ROIC=6.51998325987811, FF_CURR_RATIO=1.47018536808814, 货币=USD, 财报日期=2016-12-31 00:00:00\n关系信息: revenue_percent=N/A, relationship_start=2015-03-10 00:00:00, source=factset_revere_relationship, source_label=historical", "question": "基于上述目标公司画像和供应商画像，判断在决策年是否应选择该供应商。请只回答 [[1]] 表示选择 或 [[0]] 表示不选择。", "answer": "1", "target_entity_id": "001274-E", "supplier_entity_id": "0035XX-E", "year": "2016", "target_info": {"target_entity_id": "001274-E", "entity_proper_name": "PG&E Corp.", "iso_country": "US", "primary_sic_name": "", "company_id": 8013, "industry": "United States", "top_segments": ["Business and Public Services", "Energy"], "cutoff_date": "2016-12-31", "decision_year": 2016, "self_profile": {"factset_entity_id": "001274-E", "company_id": 8013, "entity_proper_name": "PG&E Corp.", "iso_country": "US", "primary_sic_name": "", "cutoff_date": "2016-12-31", "industry": "United States", "top_segments": ["Business and Public Services", "Energy"]}, "metadata": {"extraction_date": "2025-10-03 05:01:20", "total_suppliers": 110, "historical_suppliers": 45, "future_new_suppliers": 20, "random_noise_suppliers": 45, "positive_samples": 48, "negative_samples": 62}}, "supplier_raw": {"factset_entity_id": "0035XX-E", "entity_proper_name": "Fluor Corp.", "iso_country": "US", "primary_sic_name": "", "company_id": "4129.0", "industry": "Power Generation/Support Products", "top_segments": "['Business and Public Services', 'Energy', 'Industrial and Materials']", "is_single_source": "False", "FF_SALES": "4989.6", "FF_NET_MGN": "1.41293891293891", "FF_DEBT_EQ": "51.2030144717555", "FF_ROIC": "6.51998325987811", "FF_CURR_RATIO": "1.47018536808814", "CURRENCY": "USD", "financial_date": "2016-12-31 00:00:00", "revenue_percent": "", "relationship_start": "2015-03-10 00:00:00", "relationship_source": "factset_revere_relationship", "source_label": "historical", "ground_truth_label": "1"}, "source_label": "historical", "relationship_source": "factset_revere_relationship", "revenue_percent": "", "is_single_source": "False", "industry": "Power Generation/Support Products", "top_segments": "['Business and Public Services', 'Energy', 'Industrial and Materials']"}
{"context": "[目标公司画像]\n目标ID: 001274-E\n公司名: PG&E Corp.\n国家: US\nSIC: N/A\n行业: United States\n业务段: Business and Public Services, Energy\n决策年: 2016\n\n[候选供应商画像]\n供应商ID: 05HWF7-E\n名称: Sumitomo Electric Industries Ltd.\n国家: JP\nSIC: N/A\n行业: Connector\n业务段: ['Technology', 'Industrial and Materials']\n单一来源: False\n财务指标: FF_SALES=6592.80345808414, FF_NET_MGN=4.77281415693858, FF_DEBT_EQ=41.5662814212365, FF_ROIC=6.27044089581054, FF_CURR_RATIO=1.67195305927747, 货币=USD, 财报日期=2016-12-31 00:00:00\n关系信息: revenue_percent=N/A, relationship_start=2015-09-17 00:00:00, source=factset_revere_relationship, source_label=historical", "question": "基于上述目标公司画像和供应商画像，判断在决策年是否应选择该供应商。请只回答 [[1]] 表示选择 或 [[0]] 表示不选择。", "answer": "0", "target_entity_id": "001274-E", "supplier_entity_id": "05HWF7-E", "year": "2016", "target_info": {"target_entity_id": "001274-E", "entity_proper_name": "PG&E Corp.", "iso_country": "US", "primary_sic_name": "", "company_id": 8013, "industry": "United States", "top_segments": ["Business and Public Services", "Energy"], "cutoff_date": "2016-12-31", "decision_year": 2016, "self_profile": {"factset_entity_id": "001274-E", "company_id": 8013, "entity_proper_name": "PG&E Corp.", "iso_country": "US", "primary_sic_name": "", "cutoff_date": "2016-12-31", "industry": "United States", "top_segments": ["Business and Public Services", "Energy"]}, "metadata": {"extraction_date": "2025-10-03 05:01:20", "total_suppliers": 110, "historical_suppliers": 45, "future_new_suppliers": 20, "random_noise_suppliers": 45, "positive_samples": 48, "negative_samples": 62}}, "supplier_raw": {"factset_entity_id": "05HWF7-E", "entity_proper_name": "Sumitomo Electric Industries Ltd.", "iso_country": "JP", "primary_sic_name": "", "company_id": "1664082.0", "industry": "Connector", "top_segments": "['Technology', 'Industrial and Materials']", "is_single_source": "False", "FF_SALES": "6592.80345808414", "FF_NET_MGN": "4.77281415693858", "FF_DEBT_EQ": "41.5662814212365", "FF_ROIC": "6.27044089581054", "FF_CURR_RATIO": "1.67195305927747", "CURRENCY": "USD", "financial_date": "2016-12-31 00:00:00", "revenue_percent": "", "relationship_start": "2015-09-17 00:00:00", "relationship_source": "factset_revere_relationship", "source_label": "historical", "ground_truth_label": "0"}, "source_label": "historical", "relationship_source": "factset_revere_relationship", "revenue_percent": "", "is_single_source": "False", "industry": "Connector", "top_segments": "['Technology', 'Industrial and Materials']"}
{"context": "[目标公司画像]\n目标ID: 001274-E\n公司名: PG&E Corp.\n国家: US\nSIC: N/A\n行业: United States\n业务段: Business and Public Services, Energy\n决策年: 2016\n\n[候选供应商画像]\n供应商ID: 002MX0-E\n名称: FuelCell Energy, Inc.\n国家: US\nSIC: N/A\n行业: United States\n业务段: ['Industrial and Materials', 'Business and Public Services']\n单一来源: False\n财务指标: FF_SALES=1169.752, FF_NET_MGN=-2.47360124197266, FF_DEBT_EQ=2934.18600888838, FF_ROIC=-2.33290682928308, FF_CURR_RATIO=0.950043324038223, 货币=JPY, 财报日期=2016-12-31 00:00:00\n关系信息: revenue_percent=N/A, relationship_start=2016-02-01 00:00:00, source=factset_revere_relationship, source_label=historical", "question": "基于上述目标公司画像和供应商画像，判断在决策年是否应选择该供应商。请只回答 [[1]] 表示选择 或 [[0]] 表示不选择。", "answer": "1", "target_entity_id": "001274-E", "supplier_entity_id": "002MX0-E", "year": "2016", "target_info": {"target_entity_id": "001274-E", "entity_proper_name": "PG&E Corp.", "iso_country": "US", "primary_sic_name": "", "company_id": 8013, "industry": "United States", "top_segments": ["Business and Public Services", "Energy"], "cutoff_date": "2016-12-31", "decision_year": 2016, "self_profile": {"factset_entity_id": "001274-E", "company_id": 8013, "entity_proper_name": "PG&E Corp.", "iso_country": "US", "primary_sic_name": "", "cutoff_date": "2016-12-31", "industry": "United States", "top_segments": ["Business and Public Services", "Energy"]}, "metadata": {"extraction_date": "2025-10-03 05:01:20", "total_suppliers": 110, "historical_suppliers": 45, "future_new_suppliers": 20, "random_noise_suppliers": 45, "positive_samples": 48, "negative_samples": 62}}, "supplier_raw": {"factset_entity_id": "002MX0-E", "entity_proper_name": "FuelCell Energy, Inc.", "iso_country": "US", "primary_sic_name": "", "company_id": "3578.0", "industry": "United States", "top_segments": "['Industrial and Materials', 'Business and Public Services']", "is_single_source": "False", "FF_SALES": "1169.752", "FF_NET_MGN": "-2.47360124197266", "FF_DEBT_EQ": "2934.18600888838", "FF_ROIC": "-2.33290682928308", "FF_CURR_RATIO": "0.950043324038223", "CURRENCY": "JPY", "financial_date": "2016-12-31 00:00:00", "revenue_percent": "", "relationship_start": "2016-02-01 00:00:00", "relationship_source": "factset_revere_relationship", "source_label": "historical", "ground_truth_label": "1"}, "source_label": "historical", "relationship_source": "factset_revere_relationship", "revenue_percent": "", "is_single_source": "False", "industry": "United States", "top_segments": "['Industrial and Materials', 'Business and Public Services']"}
{"context": "[目标公司画像]\n目标ID: 001274-E\n公司名: PG&E Corp.\n国家: US\nSIC: N/A\n行业: United States\n业务段: Business and Public Services, Energy\n决策年: 2016\n\n[候选供应商画像]\n供应商ID: 00G1G3-E\n名称: Atlantica Sustainable Infrastructure Plc\n国家: GB\nSIC: N/A\n行业: Fossil Fuel\n业务段: ['Business and Public Services']\n单一来源: False\n财务指标: FF_SALES=208.847, FF_NET_MGN=-6.94910628354728, FF_DEBT_EQ=327.310287027559, FF_ROIC=-0.0749422284947641, FF_CURR_RATIO=0.890038516985429, 货币=USD, 财报日期=2016-12-31 00:00:00\n关系信息: revenue_percent=N/A, relationship_start=2014-06-13 00:00:00, source=factset_revere_relationship, source_label=historical", "question": "基于上述目标公司画像和供应商画像，判断在决策年是否应选择该供应商。请只回答 [[1]] 表示选择 或 [[0]] 表示不选择。", "answer": "1", "target_entity_id": "001274-E", "supplier_entity_id": "00G1G3-E", "year": "2016", "target_info": {"target_entity_id": "001274-E", "entity_proper_name": "PG&E Corp.", "iso_country": "US", "primary_sic_name": "", "company_id": 8013, "industry": "United States", "top_segments": ["Business and Public Services", "Energy"], "cutoff_date": "2016-12-31", "decision_year": 2016, "self_profile": {"factset_entity_id": "001274-E", "company_id": 8013, "entity_proper_name": "PG&E Corp.", "iso_country": "US", "primary_sic_name": "", "cutoff_date": "2016-12-31", "industry": "United States", "top_segments": ["Business and Public Services", "Energy"]}, "metadata": {"extraction_date": "2025-10-03 05:01:20", "total_suppliers": 110, "historical_suppliers": 45, "future_new_suppliers": 20, "random_noise_suppliers": 45, "positive_samples": 48, "negative_samples": 62}}, "supplier_raw": {"factset_entity_id": "00G1G3-E", "entity_proper_name": "Atlantica Sustainable Infrastructure Plc", "iso_country": "GB", "primary_sic_name": "", "company_id": "16001180.0", "industry": "Fossil Fuel", "top_segments": "['Business and Public Services']", "is_single_source": "False", "FF_SALES": "208.847", "FF_NET_MGN": "-6.94910628354728", "FF_DEBT_EQ": "327.310287027559", "FF_ROIC": "-0.0749422284947641", "FF_CURR_RATIO": "0.890038516985429", "CURRENCY": "USD", "financial_date": "2016-12-31 00:00:00", "revenue_percent": "", "relationship_start": "2014-06-13 00:00:00", "relationship_source": "factset_revere_relationship", "source_label": "historical", "ground_truth_label": "1"}, "source_label": "historical", "relationship_source": "factset_revere_relationship", "revenue_percent": "", "is_single_source": "False", "industry": "Fossil Fuel", "top_segments": "['Business and Public Services']"}
{"context": "[目标公司画像]\n目标ID: 001274-E\n公司名: PG&E Corp.\n国家: US\nSIC: N/A\n行业: United States\n业务段: Business and Public Services, Energy\n决策年: 2016\n\n[候选供应商画像]\n供应商ID: 05HTSN-E\n名称: Elecnor SA\n国家: ES\nSIC: N/A\n行业: Energy\n业务段: ['Business and Public Services']\n单一来源: False\n财务指标: FF_SALES=0.0, FF_NET_MGN=N/A, FF_DEBT_EQ=N/A, FF_ROIC=N/A, FF_CURR_RATIO=N/A, 货币=USD, 财报日期=2016-03-31 00:00:00\n关系信息: revenue_percent=N/A, relationship_start=2015-07-27 00:00:00, source=factset_revere_relationship, source_label=historical", "question": "基于上述目标公司画像和供应商画像，判断在决策年是否应选择该供应商。请只回答 [[1]] 表示选择 或 [[0]] 表示不选择。", "answer": "0", "target_entity_id": "001274-E", "supplier_entity_id": "05HTSN-E", "year": "2016", "target_info": {"target_entity_id": "001274-E", "entity_proper_name": "PG&E Corp.", "iso_country": "US", "primary_sic_name": "", "company_id": 8013, "industry": "United States", "top_segments": ["Business and Public Services", "Energy"], "cutoff_date": "2016-12-31", "decision_year": 2016, "self_profile": {"factset_entity_id": "001274-E", "company_id": 8013, "entity_proper_name": "PG&E Corp.", "iso_country": "US", "primary_sic_name": "", "cutoff_date": "2016-12-31", "industry": "United States", "top_segments": ["Business and Public Services", "Energy"]}, "metadata": {"extraction_date": "2025-10-03 05:01:20", "total_suppliers": 110, "historical_suppliers": 45, "future_new_suppliers": 20, "random_noise_suppliers": 45, "positive_samples": 48, "negative_samples": 62}}, "supplier_raw": {"factset_entity_id": "05HTSN-E", "entity_proper_name": "Elecnor SA", "iso_country": "ES", "primary_sic_name": "", "company_id": "1837196.0", "industry": "Energy", "top_segments": "['Business and Public Services']", "is_single_source": "False", "FF_SALES": "0.0", "FF_NET_MGN": "", "FF_DEBT_EQ": "", "FF_ROIC": "", "FF_CURR_RATIO": "", "CURRENCY": "USD", "financial_date": "2016-03-31 00:00:00", "revenue_percent": "", "relationship_start": "2015-07-27 00:00:00", "relationship_source": "factset_revere_relationship", "source_label": "historical", "ground_truth_label": "0"}, "source_label": "historical", "relationship_source": "factset_revere_relationship", "revenue_percent": "", "is_single_source": "False", "industry": "Energy", "top_segments": "['Business and Public Services']"}
{"context": "[目标公司画像]\n目标ID: 001274-E\n公司名: PG&E Corp.\n国家: US\nSIC: N/A\n行业: United States\n业务段: Business and Public Services, Energy\n决策年: 2016\n\n[候选供应商画像]\n供应商ID: 0FD812-E\n名称: 8point3 Energy Partners LP\n国家: US\nSIC: N/A\n行业: Residential Distributed Generation Systems\n业务段: ['Business and Public Services']\n单一来源: False\n财务指标: FF_SALES=N/A, FF_NET_MGN=N/A, FF_DEBT_EQ=N/A, FF_ROIC=N/A, FF_CURR_RATIO=N/A, 货币=N/A, 财报日期=N/A\n关系信息: revenue_percent=N/A, relationship_start=2015-07-31 00:00:00, source=factset_revere_relationship, source_label=historical", "question": "基于上述目标公司画像和供应商画像，判断在决策年是否应选择该供应商。请只回答 [[1]] 表示选择 或 [[0]] 表示不选择。", "answer": "1", "target_entity_id": "001274-E", "supplier_entity_id": "0FD812-E", "year": "2016", "target_info": {"target_entity_id": "001274-E", "entity_proper_name": "PG&E Corp.", "iso_country": "US", "primary_sic_name": "", "company_id": 8013, "industry": "United States", "top_segments": ["Business and Public Services", "Energy"], "cutoff_date": "2016-12-31", "decision_year": 2016, "self_profile": {"factset_entity_id": "001274-E", "company_id": 8013, "entity_proper_name": "PG&E Corp.", "iso_country": "US", "primary_sic_name": "", "cutoff_date": "2016-12-31", "industry": "United States", "top_segments": ["Business and Public Services", "Energy"]}, "metadata": {"extraction_date": "2025-10-03 05:01:20", "total_suppliers": 110, "historical_suppliers": 45, "future_new_suppliers": 20, "random_noise_suppliers": 45, "positive_samples": 48, "negative_samples": 62}}, "supplier_raw": {"factset_entity_id": "0FD812-E", "entity_proper_name": "8point3 Energy Partners LP", "iso_country": "US", "primary_sic_name": "", "company_id": "72902183.0", "industry": "Residential Distributed Generation Systems", "top_segments": "['Business and Public Services']", "is_single_source": "False", "FF_SALES": "", "FF_NET_MGN": "", "FF_DEBT_EQ": "", "FF_ROIC": "", "FF_CURR_RATIO": "", "CURRENCY": "", "financial_date": "", "revenue_percent": "", "relationship_start": "2015-07-31 00:00:00", "relationship_source": "factset_revere_relationship", "source_label": "historical", "ground_truth_label": "1"}, "source_label": "historical", "relationship_source": "factset_revere_relationship", "revenue_percent": "", "is_single_source": "False", "industry": "Residential Distributed Generation Systems", "top_segments": "['Business and Public Services']"}
{"context": "[目标公司画像]\n目标ID: 001274-E\n公司名: PG&E Corp.\n国家: US\nSIC: N/A\n行业: United States\n业务段: Business and Public Services, Energy\n决策年: 2016\n\n[候选供应商画像]\n供应商ID: 00FN29-E\n名称: Pattern Energy Group, Inc.\n国家: US\nSIC: N/A\n行业: Energy\n业务段: ['Business and Public Services']\n单一来源: False\n财务指标: FF_SALES=84.672, FF_NET_MGN=16.2722033257748, FF_DEBT_EQ=158.346852348055, FF_ROIC=-4.857904728908, FF_CURR_RATIO=0.587668824531516, 货币=USD, 财报日期=2016-12-31 00:00:00\n关系信息: revenue_percent=N/A, relationship_start=2016-03-21 00:00:00, source=factset_revere_relationship, source_label=historical", "question": "基于上述目标公司画像和供应商画像，判断在决策年是否应选择该供应商。请只回答 [[1]] 表示选择 或 [[0]] 表示不选择。", "answer": "1", "target_entity_id": "001274-E", "supplier_entity_id": "00FN29-E", "year": "2016", "target_info": {"target_entity_id": "001274-E", "entity_proper_name": "PG&E Corp.", "iso_country": "US", "primary_sic_name": "", "company_id": 8013, "industry": "United States", "top_segments": ["Business and Public Services", "Energy"], "cutoff_date": "2016-12-31", "decision_year": 2016, "self_profile": {"factset_entity_id": "001274-E", "company_id": 8013, "entity_proper_name": "PG&E Corp.", "iso_country": "US", "primary_sic_name": "", "cutoff_date": "2016-12-31", "industry": "United States", "top_segments": ["Business and Public Services", "Energy"]}, "metadata": {"extraction_date": "2025-10-03 05:01:20", "total_suppliers": 110, "historical_suppliers": 45, "future_new_suppliers": 20, "random_noise_suppliers": 45, "positive_samples": 48, "negative_samples": 62}}, "supplier_raw": {"factset_entity_id": "00FN29-E", "entity_proper_name": "Pattern Energy Group, Inc.", "iso_country": "US", "primary_sic_name": "", "company_id": "194536607.0", "industry": "Energy", "top_segments": "['Business and Public Services']", "is_single_source": "False", "FF_SALES": "84.672", "FF_NET_MGN": "16.2722033257748", "FF_DEBT_EQ": "158.346852348055", "FF_ROIC": "-4.857904728908", "FF_CURR_RATIO": "0.587668824531516", "CURRENCY": "USD", "financial_date": "2016-12-31 00:00:00", "revenue_percent": "", "relationship_start": "2016-03-21 00:00:00", "relationship_source": "factset_revere_relationship", "source_label": "historical", "ground_truth_label": "1"}, "source_label": "historical", "relationship_source": "factset_revere_relationship", "revenue_percent": "", "is_single_source": "False", "industry": "Energy", "top_segments": "['Business and Public Services']"}
{"context": "[目标公司画像]\n目标ID: 001274-E\n公司名: PG&E Corp.\n国家: US\nSIC: N/A\n行业: United States\n业务段: Business and Public Services, Energy\n决策年: 2016\n\n[候选供应商画像]\n供应商ID: 00FT0G-E\n名称: Cypress Environmental Partners LP\n国家: US\nSIC: N/A\n行业: Other Support Activities\n业务段: ['Energy']\n单一来源: False\n财务指标: FF_SALES=70.406, FF_NET_MGN=3.33778371161549, FF_DEBT_EQ=337.442184313921, FF_ROIC=0.87569426219411, FF_CURR_RATIO=5.55325394163033, 货币=USD, 财报日期=2016-12-31 00:00:00\n关系信息: revenue_percent=N/A, relationship_start=2015-03-31 00:00:00, source=factset_revere_relationship, source_label=historical", "question": "基于上述目标公司画像和供应商画像，判断在决策年是否应选择该供应商。请只回答 [[1]] 表示选择 或 [[0]] 表示不选择。", "answer": "1", "target_entity_id": "001274-E", "supplier_entity_id": "00FT0G-E", "year": "2016", "target_info": {"target_entity_id": "001274-E", "entity_proper_name": "PG&E Corp.", "iso_country": "US", "primary_sic_name": "", "company_id": 8013, "industry": "United States", "top_segments": ["Business and Public Services", "Energy"], "cutoff_date": "2016-12-31", "decision_year": 2016, "self_profile": {"factset_entity_id": "001274-E", "company_id": 8013, "entity_proper_name": "PG&E Corp.", "iso_country": "US", "primary_sic_name": "", "cutoff_date": "2016-12-31", "industry": "United States", "top_segments": ["Business and Public Services", "Energy"]}, "metadata": {"extraction_date": "2025-10-03 05:01:20", "total_suppliers": 110, "historical_suppliers": 45, "future_new_suppliers": 20, "random_noise_suppliers": 45, "positive_samples": 48, "negative_samples": 62}}, "supplier_raw": {"factset_entity_id": "00FT0G-E", "entity_proper_name": "Cypress Environmental Partners LP", "iso_country": "US", "primary_sic_name": "", "company_id": "55288855.0", "industry": "Other Support Activities", "top_segments": "['Energy']", "is_single_source": "False", "FF_SALES": "70.406", "FF_NET_MGN": "3.33778371161549", "FF_DEBT_EQ": "337.442184313921", "FF_ROIC": "0.87569426219411", "FF_CURR_RATIO": "5.55325394163033", "CURRENCY": "USD", "financial_date": "2016-12-31 00:00:00", "revenue_percent": "", "relationship_start": "2015-03-31 00:00:00", "relationship_source": "factset_revere_relationship", "source_label": "historical", "ground_truth_label": "1"}, "source_label": "historical", "relationship_source": "factset_revere_relationship", "revenue_percent": "", "is_single_source": "False", "industry": "Other Support Activities", "top_segments": "['Energy']"}
{"context": "[目标公司画像]\n目标ID: 001274-E\n公司名: PG&E Corp.\n国家: US\nSIC: N/A\n行业: United States\n业务段: Business and Public Services, Energy\n决策年: 2016\n\n[候选供应商画像]\n供应商ID: 00CFK1-E\n名称: Niska Gas Storage Partners LLC\n国家: US\nSIC: N/A\n行业: Midstream\n业务段: ['Energy']\n单一来源: False\n财务指标: FF_SALES=14.3050000000892, FF_NET_MGN=-173.834323663055, FF_DEBT_EQ=N/A, FF_ROIC=-22.5228124772177, FF_CURR_RATIO=0.659135850659071, 货币=USD, 财报日期=2016-03-31 00:00:00\n关系信息: revenue_percent=N/A, relationship_start=2015-09-03 00:00:00, source=factset_revere_relationship, source_label=historical", "question": "基于上述目标公司画像和供应商画像，判断在决策年是否应选择该供应商。请只回答 [[1]] 表示选择 或 [[0]] 表示不选择。", "answer": "1", "target_entity_id": "001274-E", "supplier_entity_id": "00CFK1-E", "year": "2016", "target_info": {"target_entity_id": "001274-E", "entity_proper_name": "PG&E Corp.", "iso_country": "US", "primary_sic_name": "", "company_id": 8013, "industry": "United States", "top_segments": ["Business and Public Services", "Energy"], "cutoff_date": "2016-12-31", "decision_year": 2016, "self_profile": {"factset_entity_id": "001274-E", "company_id": 8013, "entity_proper_name": "PG&E Corp.", "iso_country": "US", "primary_sic_name": "", "cutoff_date": "2016-12-31", "industry": "United States", "top_segments": ["Business and Public Services", "Energy"]}, "metadata": {"extraction_date": "2025-10-03 05:01:20", "total_suppliers": 110, "historical_suppliers": 45, "future_new_suppliers": 20, "random_noise_suppliers": 45, "positive_samples": 48, "negative_samples": 62}}, "supplier_raw": {"factset_entity_id": "00CFK1-E", "entity_proper_name": "Niska Gas Storage Partners LLC", "iso_country": "US", "primary_sic_name": "", "company_id": "21964094.0", "industry": "Midstream", "top_segments": "['Energy']", "is_single_source": "False", "FF_SALES": "14.3050000000892", "FF_NET_MGN": "-173.834323663055", "FF_DEBT_EQ": "", "FF_ROIC": "-22.5228124772177", "FF_CURR_RATIO": "0.659135850659071", "CURRENCY": "USD", "financial_date": "2016-03-31 00:00:00", "revenue_percent": "", "relationship_start": "2015-09-03 00:00:00", "relationship_source": "factset_revere_relationship", "source_label": "historical", "ground_truth_label": "1"}, "source_label": "historical", "relationship_source": "factset_revere_relationship", "revenue_percent": "", "is_single_source": "False", "industry": "Midstream", "top_segments": "['Energy']"}
{"context": "[目标公司画像]\n目标ID: 001274-E\n公司名: PG&E Corp.\n国家: US\nSIC: N/A\n行业: United States\n业务段: Business and Public Services, Energy\n决策年: 2016\n\n[候选供应商画像]\n供应商ID: 0014DF-E\n名称: Calpine Corp.\n国家: US\nSIC: N/A\n行业: Traditional Fuel Sources\n业务段: ['Business and Public Services', 'Unclassifiable']\n单一来源: False\n财务指标: FF_SALES=1748.0, FF_NET_MGN=1.37299771167048, FF_DEBT_EQ=372.674418604651, FF_ROIC=0.620029653592128, FF_CURR_RATIO=1.19719070772555, 货币=USD, 财报日期=2016-12-31 00:00:00\n关系信息: revenue_percent=9.92, relationship_start=2016-02-18 00:00:00, source=factset_revere_relationship, source_label=historical", "question": "基于上述目标公司画像和供应商画像，判断在决策年是否应选择该供应商。请只回答 [[1]] 表示选择 或 [[0]] 表示不选择。", "answer": "1", "target_entity_id": "001274-E", "supplier_entity_id": "0014DF-E", "year": "2016", "target_info": {"target_entity_id": "001274-E", "entity_proper_name": "PG&E Corp.", "iso_country": "US", "primary_sic_name": "", "company_id": 8013, "industry": "United States", "top_segments": ["Business and Public Services", "Energy"], "cutoff_date": "2016-12-31", "decision_year": 2016, "self_profile": {"factset_entity_id": "001274-E", "company_id": 8013, "entity_proper_name": "PG&E Corp.", "iso_country": "US", "primary_sic_name": "", "cutoff_date": "2016-12-31", "industry": "United States", "top_segments": ["Business and Public Services", "Energy"]}, "metadata": {"extraction_date": "2025-10-03 05:01:20", "total_suppliers": 110, "historical_suppliers": 45, "future_new_suppliers": 20, "random_noise_suppliers": 45, "positive_samples": 48, "negative_samples": 62}}, "supplier_raw": {"factset_entity_id": "0014DF-E", "entity_proper_name": "Calpine Corp.", "iso_country": "US", "primary_sic_name": "", "company_id": "1767.0", "industry": "Traditional Fuel Sources", "top_segments": "['Business and Public Services', 'Unclassifiable']", "is_single_source": "False", "FF_SALES": "1748.0", "FF_NET_MGN": "1.37299771167048", "FF_DEBT_EQ": "372.674418604651", "FF_ROIC": "0.620029653592128", "FF_CURR_RATIO": "1.19719070772555", "CURRENCY": "USD", "financial_date": "2016-12-31 00:00:00", "revenue_percent": "9.92", "relationship_start": "2016-02-18 00:00:00", "relationship_source": "factset_revere_relationship", "source_label": "historical", "ground_truth_label": "1"}, "source_label": "historical", "relationship_source": "factset_revere_relationship", "revenue_percent": "9.92", "is_single_source": "False", "industry": "Traditional Fuel Sources", "top_segments": "['Business and Public Services', 'Unclassifiable']"}
{"context": "[目标公司画像]\n目标ID: 001274-E\n公司名: PG&E Corp.\n国家: US\nSIC: N/A\n行业: United States\n业务段: Business and Public Services, Energy\n决策年: 2016\n\n[候选供应商画像]\n供应商ID: 088G5Z-E\n名称: Algonquin Power & Utilities Corp.\n国家: CA\nSIC: N/A\n行业: Electric Utility Networks\n业务段: ['Business and Public Services']\n单一来源: False\n财务指标: FF_SALES=4608.23964039965, FF_NET_MGN=14.9603122084747, FF_DEBT_EQ=223.00210598769, FF_ROIC=2.67540457732501, FF_CURR_RATIO=0.899922971224904, 货币=MXN, 财报日期=2016-12-31 00:00:00\n关系信息: revenue_percent=N/A, relationship_start=2015-05-26 00:00:00, source=factset_revere_relationship, source_label=historical", "question": "基于上述目标公司画像和供应商画像，判断在决策年是否应选择该供应商。请只回答 [[1]] 表示选择 或 [[0]] 表示不选择。", "answer": "1", "target_entity_id": "001274-E", "supplier_entity_id": "088G5Z-E", "year": "2016", "target_info": {"target_entity_id": "001274-E", "entity_proper_name": "PG&E Corp.", "iso_country": "US", "primary_sic_name": "", "company_id": 8013, "industry": "United States", "top_segments": ["Business and Public Services", "Energy"], "cutoff_date": "2016-12-31", "decision_year": 2016, "self_profile": {"factset_entity_id": "001274-E", "company_id": 8013, "entity_proper_name": "PG&E Corp.", "iso_country": "US", "primary_sic_name": "", "cutoff_date": "2016-12-31", "industry": "United States", "top_segments": ["Business and Public Services", "Energy"]}, "metadata": {"extraction_date": "2025-10-03 05:01:20", "total_suppliers": 110, "historical_suppliers": 45, "future_new_suppliers": 20, "random_noise_suppliers": 45, "positive_samples": 48, "negative_samples": 62}}, "supplier_raw": {"factset_entity_id": "088G5Z-E", "entity_proper_name": "Algonquin Power & Utilities Corp.", "iso_country": "CA", "primary_sic_name": "", "company_id": "272473.0", "industry": "Electric Utility Networks", "top_segments": "['Business and Public Services']", "is_single_source": "False", "FF_SALES": "4608.23964039965", "FF_NET_MGN": "14.9603122084747", "FF_DEBT_EQ": "223.00210598769", "FF_ROIC": "2.67540457732501", "FF_CURR_RATIO": "0.899922971224904", "CURRENCY": "MXN", "financial_date": "2016-12-31 00:00:00", "revenue_percent": "", "relationship_start": "2015-05-26 00:00:00", "relationship_source": "factset_revere_relationship", "source_label": "historical", "ground_truth_label": "1"}, "source_label": "historical", "relationship_source": "factset_revere_relationship", "revenue_percent": "", "is_single_source": "False", "industry": "Electric Utility Networks", "top_segments": "['Business and Public Services']"}
{"context": "[目标公司画像]\n目标ID: 001274-E\n公司名: PG&E Corp.\n国家: US\nSIC: N/A\n行业: United States\n业务段: Business and Public Services, Energy\n决策年: 2016\n\n[候选供应商画像]\n供应商ID: 0685XQ-E\n名称: Prysmian SpA\n国家: IT\nSIC: N/A\n行业: Utility Infrastructure\n业务段: ['Technology', 'Industrial and Materials', 'Business and Public Services']\n单一来源: False\n财务指标: FF_SALES=2055.06747977112, FF_NET_MGN=3.04142632406922, FF_DEBT_EQ=88.8121546961326, FF_ROIC=10.2853878910269, FF_CURR_RATIO=1.20689655172414, 货币=USD, 财报日期=2016-12-31 00:00:00\n关系信息: revenue_percent=N/A, relationship_start=2016-06-15 00:00:00, source=factset_revere_relationship, source_label=historical", "question": "基于上述目标公司画像和供应商画像，判断在决策年是否应选择该供应商。请只回答 [[1]] 表示选择 或 [[0]] 表示不选择。", "answer": "0", "target_entity_id": "001274-E", "supplier_entity_id": "0685XQ-E", "year": "2016", "target_info": {"target_entity_id": "001274-E", "entity_proper_name": "PG&E Corp.", "iso_country": "US", "primary_sic_name": "", "company_id": 8013, "industry": "United States", "top_segments": ["Business and Public Services", "Energy"], "cutoff_date": "2016-12-31", "decision_year": 2016, "self_profile": {"factset_entity_id": "001274-E", "company_id": 8013, "entity_proper_name": "PG&E Corp.", "iso_country": "US", "primary_sic_name": "", "cutoff_date": "2016-12-31", "industry": "United States", "top_segments": ["Business and Public Services", "Energy"]}, "metadata": {"extraction_date": "2025-10-03 05:01:20", "total_suppliers": 110, "historical_suppliers": 45, "future_new_suppliers": 20, "random_noise_suppliers": 45, "positive_samples": 48, "negative_samples": 62}}, "supplier_raw": {"factset_entity_id": "0685XQ-E", "entity_proper_name": "Prysmian SpA", "iso_country": "IT", "primary_sic_name": "", "company_id": "194520281.0", "industry": "Utility Infrastructure", "top_segments": "['Technology', 'Industrial and Materials', 'Business and Public Services']", "is_single_source": "False", "FF_SALES": "2055.06747977112", "FF_NET_MGN": "3.04142632406922", "FF_DEBT_EQ": "88.8121546961326", "FF_ROIC": "10.2853878910269", "FF_CURR_RATIO": "1.20689655172414", "CURRENCY": "USD", "financial_date": "2016-12-31 00:00:00", "revenue_percent": "", "relationship_start": "2016-06-15 00:00:00", "relationship_source": "factset_revere_relationship", "source_label": "historical", "ground_truth_label": "0"}, "source_label": "historical", "relationship_source": "factset_revere_relationship", "revenue_percent": "", "is_single_source": "False", "industry": "Utility Infrastructure", "top_segments": "['Technology', 'Industrial and Materials', 'Business and Public Services']"}
{"context": "[目标公司画像]\n目标ID: 001274-E\n公司名: PG&E Corp.\n国家: US\nSIC: N/A\n行业: United States\n业务段: Business and Public Services, Energy\n决策年: 2016\n\n[候选供应商画像]\n供应商ID: 002L4J-E\n名称: eGain Corp.\n国家: US\nSIC: N/A\n行业: Enterprise Management\n业务段: ['Technology', 'Business and Public Services']\n单一来源: False\n财务指标: FF_SALES=14.999, FF_NET_MGN=-6.99379958663911, FF_DEBT_EQ=N/A, FF_ROIC=-30.976389946687, FF_CURR_RATIO=0.860544519333097, 货币=USD, 财报日期=2016-12-31 00:00:00\n关系信息: revenue_percent=N/A, relationship_start=2016-11-08 00:00:00, source=factset_revere_relationship, source_label=historical", "question": "基于上述目标公司画像和供应商画像，判断在决策年是否应选择该供应商。请只回答 [[1]] 表示选择 或 [[0]] 表示不选择。", "answer": "0", "target_entity_id": "001274-E", "supplier_entity_id": "002L4J-E", "year": "2016", "target_info": {"target_entity_id": "001274-E", "entity_proper_name": "PG&E Corp.", "iso_country": "US", "primary_sic_name": "", "company_id": 8013, "industry": "United States", "top_segments": ["Business and Public Services", "Energy"], "cutoff_date": "2016-12-31", "decision_year": 2016, "self_profile": {"factset_entity_id": "001274-E", "company_id": 8013, "entity_proper_name": "PG&E Corp.", "iso_country": "US", "primary_sic_name": "", "cutoff_date": "2016-12-31", "industry": "United States", "top_segments": ["Business and Public Services", "Energy"]}, "metadata": {"extraction_date": "2025-10-03 05:01:20", "total_suppliers": 110, "historical_suppliers": 45, "future_new_suppliers": 20, "random_noise_suppliers": 45, "positive_samples": 48, "negative_samples": 62}}, "supplier_raw": {"factset_entity_id": "002L4J-E", "entity_proper_name": "eGain Corp.", "iso_country": "US", "primary_sic_name": "", "company_id": "226528.0", "industry": "Enterprise Management", "top_segments": "['Technology', 'Business and Public Services']", "is_single_source": "False", "FF_SALES": "14.999", "FF_NET_MGN": "-6.99379958663911", "FF_DEBT_EQ": "", "FF_ROIC": "-30.976389946687", "FF_CURR_RATIO": "0.860544519333097", "CURRENCY": "USD", "financial_date": "2016-12-31 00:00:00", "revenue_percent": "", "relationship_start": "2016-11-08 00:00:00", "relationship_source": "factset_revere_relationship", "source_label": "historical", "ground_truth_label": "0"}, "source_label": "historical", "relationship_source": "factset_revere_relationship", "revenue_percent": "", "is_single_source": "False", "industry": "Enterprise Management", "top_segments": "['Technology', 'Business and Public Services']"}
{"context": "[目标公司画像]\n目标ID: 001274-E\n公司名: PG&E Corp.\n国家: US\nSIC: N/A\n行业: United States\n业务段: Business and Public Services, Energy\n决策年: 2016\n\n[候选供应商画像]\n供应商ID: 008FJT-E\n名称: First Solar, Inc.\n国家: US\nSIC: N/A\n行业: Solar\n业务段: ['Business and Public Services', 'Industrial and Materials']\n单一来源: False\n财务指标: FF_SALES=480.434, FF_NET_MGN=-149.835357197867, FF_DEBT_EQ=3.61402861902125, FF_ROIC=-6.83332496488609, FF_CURR_RATIO=3.42946648186576, 货币=USD, 财报日期=2016-12-31 00:00:00\n关系信息: revenue_percent=N/A, relationship_start=2014-03-17 00:00:00, source=factset_revere_relationship, source_label=historical", "question": "基于上述目标公司画像和供应商画像，判断在决策年是否应选择该供应商。请只回答 [[1]] 表示选择 或 [[0]] 表示不选择。", "answer": "1", "target_entity_id": "001274-E", "supplier_entity_id": "008FJT-E", "year": "2016", "target_info": {"target_entity_id": "001274-E", "entity_proper_name": "PG&E Corp.", "iso_country": "US", "primary_sic_name": "", "company_id": 8013, "industry": "United States", "top_segments": ["Business and Public Services", "Energy"], "cutoff_date": "2016-12-31", "decision_year": 2016, "self_profile": {"factset_entity_id": "001274-E", "company_id": 8013, "entity_proper_name": "PG&E Corp.", "iso_country": "US", "primary_sic_name": "", "cutoff_date": "2016-12-31", "industry": "United States", "top_segments": ["Business and Public Services", "Energy"]}, "metadata": {"extraction_date": "2025-10-03 05:01:20", "total_suppliers": 110, "historical_suppliers": 45, "future_new_suppliers": 20, "random_noise_suppliers": 45, "positive_samples": 48, "negative_samples": 62}}, "supplier_raw": {"factset_entity_id": "008FJT-E", "entity_proper_name": "First Solar, Inc.", "iso_country": "US", "primary_sic_name": "", "company_id": "1817263.0", "industry": "Solar", "top_segments": "['Business and Public Services', 'Industrial and Materials']", "is_single_source": "False", "FF_SALES": "480.434", "FF_NET_MGN": "-149.835357197867", "FF_DEBT_EQ": "3.61402861902125", "FF_ROIC": "-6.83332496488609", "FF_CURR_RATIO": "3.42946648186576", "CURRENCY": "USD", "financial_date": "2016-12-31 00:00:00", "revenue_percent": "", "relationship_start": "2014-03-17 00:00:00", "relationship_source": "factset_revere_relationship", "source_label": "historical", "ground_truth_label": "1"}, "source_label": "historical", "relationship_source": "factset_revere_relationship", "revenue_percent": "", "is_single_source": "False", "industry": "Solar", "top_segments": "['Business and Public Services', 'Industrial and Materials']"}
{"context": "[目标公司画像]\n目标ID: 001274-E\n公司名: PG&E Corp.\n国家: US\nSIC: N/A\n行业: United States\n业务段: Business and Public Services, Energy\n决策年: 2016\n\n[候选供应商画像]\n供应商ID: 068PJ9-E\n名称: Nuance Communications, Inc.\n国家: US\nSIC: N/A\n行业: Business Management/Information Systems\n业务段: ['Technology']\n单一来源: False\n财务指标: FF_SALES=487.658, FF_NET_MGN=-4.90692247435703, FF_DEBT_EQ=152.603307673453, FF_ROIC=-0.587857747706256, FF_CURR_RATIO=0.926545056290923, 货币=USD, 财报日期=2016-12-31 00:00:00\n关系信息: revenue_percent=N/A, relationship_start=2015-12-11 00:00:00, source=factset_revere_relationship, source_label=historical", "question": "基于上述目标公司画像和供应商画像，判断在决策年是否应选择该供应商。请只回答 [[1]] 表示选择 或 [[0]] 表示不选择。", "answer": "0", "target_entity_id": "001274-E", "supplier_entity_id": "068PJ9-E", "year": "2016", "target_info": {"target_entity_id": "001274-E", "entity_proper_name": "PG&E Corp.", "iso_country": "US", "primary_sic_name": "", "company_id": 8013, "industry": "United States", "top_segments": ["Business and Public Services", "Energy"], "cutoff_date": "2016-12-31", "decision_year": 2016, "self_profile": {"factset_entity_id": "001274-E", "company_id": 8013, "entity_proper_name": "PG&E Corp.", "iso_country": "US", "primary_sic_name": "", "cutoff_date": "2016-12-31", "industry": "United States", "top_segments": ["Business and Public Services", "Energy"]}, "metadata": {"extraction_date": "2025-10-03 05:01:20", "total_suppliers": 110, "historical_suppliers": 45, "future_new_suppliers": 20, "random_noise_suppliers": 45, "positive_samples": 48, "negative_samples": 62}}, "supplier_raw": {"factset_entity_id": "068PJ9-E", "entity_proper_name": "Nuance Communications, Inc.", "iso_country": "US", "primary_sic_name": "", "company_id": "10885.0", "industry": "Business Management/Information Systems", "top_segments": "['Technology']", "is_single_source": "False", "FF_SALES": "487.658", "FF_NET_MGN": "-4.90692247435703", "FF_DEBT_EQ": "152.603307673453", "FF_ROIC": "-0.587857747706256", "FF_CURR_RATIO": "0.926545056290923", "CURRENCY": "USD", "financial_date": "2016-12-31 00:00:00", "revenue_percent": "", "relationship_start": "2015-12-11 00:00:00", "relationship_source": "factset_revere_relationship", "source_label": "historical", "ground_truth_label": "0"}, "source_label": "historical", "relationship_source": "factset_revere_relationship", "revenue_percent": "", "is_single_source": "False", "industry": "Business Management/Information Systems", "top_segments": "['Technology']"}
{"context": "[目标公司画像]\n目标ID: 001274-E\n公司名: PG&E Corp.\n国家: US\nSIC: N/A\n行业: United States\n业务段: Business and Public Services, Energy\n决策年: 2016\n\n[候选供应商画像]\n供应商ID: 0013YQ-E\n名称: NRG Energy, Inc.\n国家: US\nSIC: N/A\n行业: Administrative/Support Services\n业务段: ['Business and Public Services', 'Unclassifiable']\n单一来源: False\n财务指标: FF_SALES=2800.0, FF_NET_MGN=-35.25, FF_DEBT_EQ=941.989220970113, FF_ROIC=-3.68229501177478, FF_CURR_RATIO=1.4593792788681, 货币=USD, 财报日期=2016-12-31 00:00:00\n关系信息: revenue_percent=N/A, relationship_start=2013-03-07 00:00:00, source=factset_revere_relationship, source_label=historical", "question": "基于上述目标公司画像和供应商画像，判断在决策年是否应选择该供应商。请只回答 [[1]] 表示选择 或 [[0]] 表示不选择。", "answer": "1", "target_entity_id": "001274-E", "supplier_entity_id": "0013YQ-E", "year": "2016", "target_info": {"target_entity_id": "001274-E", "entity_proper_name": "PG&E Corp.", "iso_country": "US", "primary_sic_name": "", "company_id": 8013, "industry": "United States", "top_segments": ["Business and Public Services", "Energy"], "cutoff_date": "2016-12-31", "decision_year": 2016, "self_profile": {"factset_entity_id": "001274-E", "company_id": 8013, "entity_proper_name": "PG&E Corp.", "iso_country": "US", "primary_sic_name": "", "cutoff_date": "2016-12-31", "industry": "United States", "top_segments": ["Business and Public Services", "Energy"]}, "metadata": {"extraction_date": "2025-10-03 05:01:20", "total_suppliers": 110, "historical_suppliers": 45, "future_new_suppliers": 20, "random_noise_suppliers": 45, "positive_samples": 48, "negative_samples": 62}}, "supplier_raw": {"factset_entity_id": "0013YQ-E", "entity_proper_name": "NRG Energy, Inc.", "iso_country": "US", "primary_sic_name": "", "company_id": "1680059.0", "industry": "Administrative/Support Services", "top_segments": "['Business and Public Services', 'Unclassifiable']", "is_single_source": "False", "FF_SALES": "2800.0", "FF_NET_MGN": "-35.25", "FF_DEBT_EQ": "941.989220970113", "FF_ROIC": "-3.68229501177478", "FF_CURR_RATIO": "1.4593792788681", "CURRENCY": "USD", "financial_date": "2016-12-31 00:00:00", "revenue_percent": "", "relationship_start": "2013-03-07 00:00:00", "relationship_source": "factset_revere_relationship", "source_label": "historical", "ground_truth_label": "1"}, "source_label": "historical", "relationship_source": "factset_revere_relationship", "revenue_percent": "", "is_single_source": "False", "industry": "Administrative/Support Services", "top_segments": "['Business and Public Services', 'Unclassifiable']"}
{"context": "[目标公司画像]\n目标ID: 001274-E\n公司名: PG&E Corp.\n国家: US\nSIC: N/A\n行业: United States\n业务段: Business and Public Services, Energy\n决策年: 2016\n\n[候选供应商画像]\n供应商ID: 00650X-E\n名称: Ormat Technologies, Inc.\n国家: US\nSIC: N/A\n行业: Power Generation/Support Products\n业务段: ['Business and Public Services', 'Industrial and Materials']\n单一来源: False\n财务指标: FF_SALES=166.519, FF_NET_MGN=16.9530203760532, FF_DEBT_EQ=87.0569580638431, FF_ROIC=4.94484234465441, FF_CURR_RATIO=2.49842801359042, 货币=USD, 财报日期=2016-12-31 00:00:00\n关系信息: revenue_percent=N/A, relationship_start=2013-05-28 00:00:00, source=factset_revere_relationship, source_label=historical", "question": "基于上述目标公司画像和供应商画像，判断在决策年是否应选择该供应商。请只回答 [[1]] 表示选择 或 [[0]] 表示不选择。", "answer": "1", "target_entity_id": "001274-E", "supplier_entity_id": "00650X-E", "year": "2016", "target_info": {"target_entity_id": "001274-E", "entity_proper_name": "PG&E Corp.", "iso_country": "US", "primary_sic_name": "", "company_id": 8013, "industry": "United States", "top_segments": ["Business and Public Services", "Energy"], "cutoff_date": "2016-12-31", "decision_year": 2016, "self_profile": {"factset_entity_id": "001274-E", "company_id": 8013, "entity_proper_name": "PG&E Corp.", "iso_country": "US", "primary_sic_name": "", "cutoff_date": "2016-12-31", "industry": "United States", "top_segments": ["Business and Public Services", "Energy"]}, "metadata": {"extraction_date": "2025-10-03 05:01:20", "total_suppliers": 110, "historical_suppliers": 45, "future_new_suppliers": 20, "random_noise_suppliers": 45, "positive_samples": 48, "negative_samples": 62}}, "supplier_raw": {"factset_entity_id": "00650X-E", "entity_proper_name": "Ormat Technologies, Inc.", "iso_country": "US", "primary_sic_name": "", "company_id": "1711724.0", "industry": "Power Generation/Support Products", "top_segments": "['Business and Public Services', 'Industrial and Materials']", "is_single_source": "False", "FF_SALES": "166.519", "FF_NET_MGN": "16.9530203760532", "FF_DEBT_EQ": "87.0569580638431", "FF_ROIC": "4.94484234465441", "FF_CURR_RATIO": "2.49842801359042", "CURRENCY": "USD", "financial_date": "2016-12-31 00:00:00", "revenue_percent": "", "relationship_start": "2013-05-28 00:00:00", "relationship_source": "factset_revere_relationship", "source_label": "historical", "ground_truth_label": "1"}, "source_label": "historical", "relationship_source": "factset_revere_relationship", "revenue_percent": "", "is_single_source": "False", "industry": "Power Generation/Support Products", "top_segments": "['Business and Public Services', 'Industrial and Materials']"}
{"context": "[目标公司画像]\n目标ID: 001274-E\n公司名: PG&E Corp.\n国家: US\nSIC: N/A\n行业: United States\n业务段: Business and Public Services, Energy\n决策年: 2016\n\n[候选供应商画像]\n供应商ID: 001ZGF-E\n名称: Enbridge, Inc.\n国家: CA\nSIC: N/A\n行业: United States and Canada\n业务段: ['Unclassifiable', 'Business and Public Services', 'Energy']\n单一来源: False\n财务指标: FF_SALES=9548.0, FF_NET_MGN=4.61876832844575, FF_DEBT_EQ=194.370148695408, FF_ROIC=3.55748895269864, FF_CURR_RATIO=0.648619466296468, 货币=CAD, 财报日期=2016-12-31 00:00:00\n关系信息: revenue_percent=N/A, relationship_start=2016-04-06 00:00:00, source=factset_revere_relationship, source_label=historical", "question": "基于上述目标公司画像和供应商画像，判断在决策年是否应选择该供应商。请只回答 [[1]] 表示选择 或 [[0]] 表示不选择。", "answer": "0", "target_entity_id": "001274-E", "supplier_entity_id": "001ZGF-E", "year": "2016", "target_info": {"target_entity_id": "001274-E", "entity_proper_name": "PG&E Corp.", "iso_country": "US", "primary_sic_name": "", "company_id": 8013, "industry": "United States", "top_segments": ["Business and Public Services", "Energy"], "cutoff_date": "2016-12-31", "decision_year": 2016, "self_profile": {"factset_entity_id": "001274-E", "company_id": 8013, "entity_proper_name": "PG&E Corp.", "iso_country": "US", "primary_sic_name": "", "cutoff_date": "2016-12-31", "industry": "United States", "top_segments": ["Business and Public Services", "Energy"]}, "metadata": {"extraction_date": "2025-10-03 05:01:20", "total_suppliers": 110, "historical_suppliers": 45, "future_new_suppliers": 20, "random_noise_suppliers": 45, "positive_samples": 48, "negative_samples": 62}}, "supplier_raw": {"factset_entity_id": "001ZGF-E", "entity_proper_name": "Enbridge, Inc.", "iso_country": "CA", "primary_sic_name": "", "company_id": "18577.0", "industry": "United States and Canada", "top_segments": "['Unclassifiable', 'Business and Public Services', 'Energy']", "is_single_source": "False", "FF_SALES": "9548.0", "FF_NET_MGN": "4.61876832844575", "FF_DEBT_EQ": "194.370148695408", "FF_ROIC": "3.55748895269864", "FF_CURR_RATIO": "0.648619466296468", "CURRENCY": "CAD", "financial_date": "2016-12-31 00:00:00", "revenue_percent": "", "relationship_start": "2016-04-06 00:00:00", "relationship_source": "factset_revere_relationship", "source_label": "historical", "ground_truth_label": "0"}, "source_label": "historical", "relationship_source": "factset_revere_relationship", "revenue_percent": "", "is_single_source": "False", "industry": "United States and Canada", "top_segments": "['Unclassifiable', 'Business and Public Services', 'Energy']"}
{"context": "[目标公司画像]\n目标ID: 001274-E\n公司名: PG&E Corp.\n国家: US\nSIC: N/A\n行业: United States\n业务段: Business and Public Services, Energy\n决策年: 2016\n\n[候选供应商画像]\n供应商ID: 000KQ5-E\n名称: NextEra Energy, Inc.\n国家: US\nSIC: N/A\n行业: United States\n业务段: ['Business and Public Services']\n单一来源: False\n财务指标: FF_SALES=3788.0, FF_NET_MGN=25.5015839493136, FF_DEBT_EQ=126.699806910152, FF_ROIC=5.70927090934191, FF_CURR_RATIO=0.678541991024819, 货币=USD, 财报日期=2016-12-31 00:00:00\n关系信息: revenue_percent=N/A, relationship_start=2015-02-27 00:00:00, source=factset_revere_relationship, source_label=historical", "question": "基于上述目标公司画像和供应商画像，判断在决策年是否应选择该供应商。请只回答 [[1]] 表示选择 或 [[0]] 表示不选择。", "answer": "0", "target_entity_id": "001274-E", "supplier_entity_id": "000KQ5-E", "year": "2016", "target_info": {"target_entity_id": "001274-E", "entity_proper_name": "PG&E Corp.", "iso_country": "US", "primary_sic_name": "", "company_id": 8013, "industry": "United States", "top_segments": ["Business and Public Services", "Energy"], "cutoff_date": "2016-12-31", "decision_year": 2016, "self_profile": {"factset_entity_id": "001274-E", "company_id": 8013, "entity_proper_name": "PG&E Corp.", "iso_country": "US", "primary_sic_name": "", "cutoff_date": "2016-12-31", "industry": "United States", "top_segments": ["Business and Public Services", "Energy"]}, "metadata": {"extraction_date": "2025-10-03 05:01:20", "total_suppliers": 110, "historical_suppliers": 45, "future_new_suppliers": 20, "random_noise_suppliers": 45, "positive_samples": 48, "negative_samples": 62}}, "supplier_raw": {"factset_entity_id": "000KQ5-E", "entity_proper_name": "NextEra Energy, Inc.", "iso_country": "US", "primary_sic_name": "", "company_id": "4201.0", "industry": "United States", "top_segments": "['Business and Public Services']", "is_single_source": "False", "FF_SALES": "3788.0", "FF_NET_MGN": "25.5015839493136", "FF_DEBT_EQ": "126.699806910152", "FF_ROIC": "5.70927090934191", "FF_CURR_RATIO": "0.678541991024819", "CURRENCY": "USD", "financial_date": "2016-12-31 00:00:00", "revenue_percent": "", "relationship_start": "2015-02-27 00:00:00", "relationship_source": "factset_revere_relationship", "source_label": "historical", "ground_truth_label": "0"}, "source_label": "historical", "relationship_source": "factset_revere_relationship", "revenue_percent": "", "is_single_source": "False", "industry": "United States", "top_segments": "['Business and Public Services']"}
{"context": "[目标公司画像]\n目标ID: 001274-E\n公司名: PG&E Corp.\n国家: US\nSIC: N/A\n行业: United States\n业务段: Business and Public Services, Energy\n决策年: 2016\n\n[候选供应商画像]\n供应商ID: 05J426-E\n名称: Ormat Industries Ltd.\n国家: IL\nSIC: N/A\n行业: Energy\n业务段: ['Business and Public Services', 'Industrial and Materials']\n单一来源: False\n财务指标: FF_SALES=469.681, FF_NET_MGN=19.21367907154, FF_DEBT_EQ=0.0, FF_ROIC=5.13388399820335, FF_CURR_RATIO=24.2319434323578, 货币=JPY, 财报日期=2016-12-31 00:00:00\n关系信息: revenue_percent=N/A, relationship_start=2015-04-30 00:00:00, source=factset_revere_relationship, source_label=historical", "question": "基于上述目标公司画像和供应商画像，判断在决策年是否应选择该供应商。请只回答 [[1]] 表示选择 或 [[0]] 表示不选择。", "answer": "1", "target_entity_id": "001274-E", "supplier_entity_id": "05J426-E", "year": "2016", "target_info": {"target_entity_id": "001274-E", "entity_proper_name": "PG&E Corp.", "iso_country": "US", "primary_sic_name": "", "company_id": 8013, "industry": "United States", "top_segments": ["Business and Public Services", "Energy"], "cutoff_date": "2016-12-31", "decision_year": 2016, "self_profile": {"factset_entity_id": "001274-E", "company_id": 8013, "entity_proper_name": "PG&E Corp.", "iso_country": "US", "primary_sic_name": "", "cutoff_date": "2016-12-31", "industry": "United States", "top_segments": ["Business and Public Services", "Energy"]}, "metadata": {"extraction_date": "2025-10-03 05:01:20", "total_suppliers": 110, "historical_suppliers": 45, "future_new_suppliers": 20, "random_noise_suppliers": 45, "positive_samples": 48, "negative_samples": 62}}, "supplier_raw": {"factset_entity_id": "05J426-E", "entity_proper_name": "Ormat Industries Ltd.", "iso_country": "IL", "primary_sic_name": "", "company_id": "194500171.0", "industry": "Energy", "top_segments": "['Business and Public Services', 'Industrial and Materials']", "is_single_source": "False", "FF_SALES": "469.681", "FF_NET_MGN": "19.21367907154", "FF_DEBT_EQ": "0.0", "FF_ROIC": "5.13388399820335", "FF_CURR_RATIO": "24.2319434323578", "CURRENCY": "JPY", "financial_date": "2016-12-31 00:00:00", "revenue_percent": "", "relationship_start": "2015-04-30 00:00:00", "relationship_source": "factset_revere_relationship", "source_label": "historical", "ground_truth_label": "1"}, "source_label": "historical", "relationship_source": "factset_revere_relationship", "revenue_percent": "", "is_single_source": "False", "industry": "Energy", "top_segments": "['Business and Public Services', 'Industrial and Materials']"}
{"context": "[目标公司画像]\n目标ID: 001274-E\n公司名: PG&E Corp.\n国家: US\nSIC: N/A\n行业: United States\n业务段: Business and Public Services, Energy\n决策年: 2016\n\n[候选供应商画像]\n供应商ID: 006RDV-E\n名称: Financial Engines, Inc.\n国家: US\nSIC: N/A\n行业: Retail\n业务段: ['Finance']\n单一来源: False\n财务指标: FF_SALES=113.222, FF_NET_MGN=7.98519722315451, FF_DEBT_EQ=0.0, FF_ROIC=4.91364137643895, FF_CURR_RATIO=3.19034955871584, 货币=USD, 财报日期=2016-12-31 00:00:00\n关系信息: revenue_percent=N/A, relationship_start=2016-03-08 00:00:00, source=factset_revere_relationship, source_label=historical", "question": "基于上述目标公司画像和供应商画像，判断在决策年是否应选择该供应商。请只回答 [[1]] 表示选择 或 [[0]] 表示不选择。", "answer": "0", "target_entity_id": "001274-E", "supplier_entity_id": "006RDV-E", "year": "2016", "target_info": {"target_entity_id": "001274-E", "entity_proper_name": "PG&E Corp.", "iso_country": "US", "primary_sic_name": "", "company_id": 8013, "industry": "United States", "top_segments": ["Business and Public Services", "Energy"], "cutoff_date": "2016-12-31", "decision_year": 2016, "self_profile": {"factset_entity_id": "001274-E", "company_id": 8013, "entity_proper_name": "PG&E Corp.", "iso_country": "US", "primary_sic_name": "", "cutoff_date": "2016-12-31", "industry": "United States", "top_segments": ["Business and Public Services", "Energy"]}, "metadata": {"extraction_date": "2025-10-03 05:01:20", "total_suppliers": 110, "historical_suppliers": 45, "future_new_suppliers": 20, "random_noise_suppliers": 45, "positive_samples": 48, "negative_samples": 62}}, "supplier_raw": {"factset_entity_id": "006RDV-E", "entity_proper_name": "Financial Engines, Inc.", "iso_country": "US", "primary_sic_name": "", "company_id": "1731753.0", "industry": "Retail", "top_segments": "['Finance']", "is_single_source": "False", "FF_SALES": "113.222", "FF_NET_MGN": "7.98519722315451", "FF_DEBT_EQ": "0.0", "FF_ROIC": "4.91364137643895", "FF_CURR_RATIO": "3.19034955871584", "CURRENCY": "USD", "financial_date": "2016-12-31 00:00:00", "revenue_percent": "", "relationship_start": "2016-03-08 00:00:00", "relationship_source": "factset_revere_relationship", "source_label": "historical", "ground_truth_label": "0"}, "source_label": "historical", "relationship_source": "factset_revere_relationship", "revenue_percent": "", "is_single_source": "False", "industry": "Retail", "top_segments": "['Finance']"}
{"context": "[目标公司画像]\n目标ID: 001274-E\n公司名: PG&E Corp.\n国家: US\nSIC: N/A\n行业: United States\n业务段: Business and Public Services, Energy\n决策年: 2016\n\n[候选供应商画像]\n供应商ID: 0785HP-E\n名称: EDP Renováveis SA\n国家: ES\nSIC: N/A\n行业: International (excluding United States)\n业务段: ['Business and Public Services', 'Unclassifiable']\n单一来源: False\n财务指标: FF_SALES=9424.48059052798, FF_NET_MGN=6.10531093962778, FF_DEBT_EQ=65.5358514877318, FF_ROIC=0.551894238178628, FF_CURR_RATIO=0.865553394224888, 货币=MXN, 财报日期=2016-12-31 00:00:00\n关系信息: revenue_percent=N/A, relationship_start=2016-05-16 00:00:00, source=factset_revere_relationship, source_label=historical", "question": "基于上述目标公司画像和供应商画像，判断在决策年是否应选择该供应商。请只回答 [[1]] 表示选择 或 [[0]] 表示不选择。", "answer": "0", "target_entity_id": "001274-E", "supplier_entity_id": "0785HP-E", "year": "2016", "target_info": {"target_entity_id": "001274-E", "entity_proper_name": "PG&E Corp.", "iso_country": "US", "primary_sic_name": "", "company_id": 8013, "industry": "United States", "top_segments": ["Business and Public Services", "Energy"], "cutoff_date": "2016-12-31", "decision_year": 2016, "self_profile": {"factset_entity_id": "001274-E", "company_id": 8013, "entity_proper_name": "PG&E Corp.", "iso_country": "US", "primary_sic_name": "", "cutoff_date": "2016-12-31", "industry": "United States", "top_segments": ["Business and Public Services", "Energy"]}, "metadata": {"extraction_date": "2025-10-03 05:01:20", "total_suppliers": 110, "historical_suppliers": 45, "future_new_suppliers": 20, "random_noise_suppliers": 45, "positive_samples": 48, "negative_samples": 62}}, "supplier_raw": {"factset_entity_id": "0785HP-E", "entity_proper_name": "EDP Renováveis SA", "iso_country": "ES", "primary_sic_name": "", "company_id": "1922753.0", "industry": "International (excluding United States)", "top_segments": "['Business and Public Services', 'Unclassifiable']", "is_single_source": "False", "FF_SALES": "9424.48059052798", "FF_NET_MGN": "6.10531093962778", "FF_DEBT_EQ": "65.5358514877318", "FF_ROIC": "0.551894238178628", "FF_CURR_RATIO": "0.865553394224888", "CURRENCY": "MXN", "financial_date": "2016-12-31 00:00:00", "revenue_percent": "", "relationship_start": "2016-05-16 00:00:00", "relationship_source": "factset_revere_relationship", "source_label": "historical", "ground_truth_label": "0"}, "source_label": "historical", "relationship_source": "factset_revere_relationship", "revenue_percent": "", "is_single_source": "False", "industry": "International (excluding United States)", "top_segments": "['Business and Public Services', 'Unclassifiable']"}
{"context": "[目标公司画像]\n目标ID: 001274-E\n公司名: PG&E Corp.\n国家: US\nSIC: N/A\n行业: United States\n业务段: Business and Public Services, Energy\n决策年: 2016\n\n[候选供应商画像]\n供应商ID: 06JRZ2-E\n名称: Aviat Networks, Inc.\n国家: US\nSIC: N/A\n行业: Hardware\n业务段: ['Technology']\n单一来源: False\n财务指标: FF_SALES=68.536, FF_NET_MGN=2.4483483132952, FF_DEBT_EQ=14.8235991698784, FF_ROIC=-34.1169988061346, FF_CURR_RATIO=1.46506790517488, 货币=USD, 财报日期=2016-12-31 00:00:00\n关系信息: revenue_percent=N/A, relationship_start=2015-10-30 00:00:00, source=factset_revere_relationship, source_label=historical", "question": "基于上述目标公司画像和供应商画像，判断在决策年是否应选择该供应商。请只回答 [[1]] 表示选择 或 [[0]] 表示不选择。", "answer": "0", "target_entity_id": "001274-E", "supplier_entity_id": "06JRZ2-E", "year": "2016", "target_info": {"target_entity_id": "001274-E", "entity_proper_name": "PG&E Corp.", "iso_country": "US", "primary_sic_name": "", "company_id": 8013, "industry": "United States", "top_segments": ["Business and Public Services", "Energy"], "cutoff_date": "2016-12-31", "decision_year": 2016, "self_profile": {"factset_entity_id": "001274-E", "company_id": 8013, "entity_proper_name": "PG&E Corp.", "iso_country": "US", "primary_sic_name": "", "cutoff_date": "2016-12-31", "industry": "United States", "top_segments": ["Business and Public Services", "Energy"]}, "metadata": {"extraction_date": "2025-10-03 05:01:20", "total_suppliers": 110, "historical_suppliers": 45, "future_new_suppliers": 20, "random_noise_suppliers": 45, "positive_samples": 48, "negative_samples": 62}}, "supplier_raw": {"factset_entity_id": "06JRZ2-E", "entity_proper_name": "Aviat Networks, Inc.", "iso_country": "US", "primary_sic_name": "", "company_id": "1824178.0", "industry": "Hardware", "top_segments": "['Technology']", "is_single_source": "False", "FF_SALES": "68.536", "FF_NET_MGN": "2.4483483132952", "FF_DEBT_EQ": "14.8235991698784", "FF_ROIC": "-34.1169988061346", "FF_CURR_RATIO": "1.46506790517488", "CURRENCY": "USD", "financial_date": "2016-12-31 00:00:00", "revenue_percent": "", "relationship_start": "2015-10-30 00:00:00", "relationship_source": "factset_revere_relationship", "source_label": "historical", "ground_truth_label": "0"}, "source_label": "historical", "relationship_source": "factset_revere_relationship", "revenue_percent": "", "is_single_source": "False", "industry": "Hardware", "top_segments": "['Technology']"}
{"context": "[目标公司画像]\n目标ID: 001274-E\n公司名: PG&E Corp.\n国家: US\nSIC: N/A\n行业: United States\n业务段: Business and Public Services, Energy\n决策年: 2016\n\n[候选供应商画像]\n供应商ID: 000VPT-E\n名称: San Juan Basin Royalty Trust\n国家: US\nSIC: N/A\n行业: Western Region\n业务段: ['Energy']\n单一来源: False\n财务指标: FF_SALES=8.40654, FF_NET_MGN=91.3675424134067, FF_DEBT_EQ=0.0, FF_ROIC=168.747137127027, FF_CURR_RATIO=N/A, 货币=USD, 财报日期=2016-12-31 00:00:00\n关系信息: revenue_percent=N/A, relationship_start=2015-05-07 00:00:00, source=factset_revere_relationship, source_label=historical", "question": "基于上述目标公司画像和供应商画像，判断在决策年是否应选择该供应商。请只回答 [[1]] 表示选择 或 [[0]] 表示不选择。", "answer": "0", "target_entity_id": "001274-E", "supplier_entity_id": "000VPT-E", "year": "2016", "target_info": {"target_entity_id": "001274-E", "entity_proper_name": "PG&E Corp.", "iso_country": "US", "primary_sic_name": "", "company_id": 8013, "industry": "United States", "top_segments": ["Business and Public Services", "Energy"], "cutoff_date": "2016-12-31", "decision_year": 2016, "self_profile": {"factset_entity_id": "001274-E", "company_id": 8013, "entity_proper_name": "PG&E Corp.", "iso_country": "US", "primary_sic_name": "", "cutoff_date": "2016-12-31", "industry": "United States", "top_segments": ["Business and Public Services", "Energy"]}, "metadata": {"extraction_date": "2025-10-03 05:01:20", "total_suppliers": 110, "historical_suppliers": 45, "future_new_suppliers": 20, "random_noise_suppliers": 45, "positive_samples": 48, "negative_samples": 62}}, "supplier_raw": {"factset_entity_id": "000VPT-E", "entity_proper_name": "San Juan Basin Royalty Trust", "iso_country": "US", "primary_sic_name": "", "company_id": "8974.0", "industry": "Western Region", "top_segments": "['Energy']", "is_single_source": "False", "FF_SALES": "8.40654", "FF_NET_MGN": "91.3675424134067", "FF_DEBT_EQ": "0.0", "FF_ROIC": "168.747137127027", "FF_CURR_RATIO": "", "CURRENCY": "USD", "financial_date": "2016-12-31 00:00:00", "revenue_percent": "", "relationship_start": "2015-05-07 00:00:00", "relationship_source": "factset_revere_relationship", "source_label": "historical", "ground_truth_label": "0"}, "source_label": "historical", "relationship_source": "factset_revere_relationship", "revenue_percent": "", "is_single_source": "False", "industry": "Western Region", "top_segments": "['Energy']"}
{"context": "[目标公司画像]\n目标ID: 001274-E\n公司名: PG&E Corp.\n国家: US\nSIC: N/A\n行业: United States\n业务段: Business and Public Services, Energy\n决策年: 2016\n\n[候选供应商画像]\n供应商ID: 0029MK-E\n名称: TC Pipelines LP\n国家: US\nSIC: N/A\n行业: Natural Gas Pipeline and Storage\n业务段: ['Energy']\n单一来源: False\n财务指标: FF_SALES=91.0, FF_NET_MGN=51.6483516483517, FF_DEBT_EQ=154.575707154742, FF_ROIC=6.9362261669954, FF_CURR_RATIO=1.54545454545455, 货币=USD, 财报日期=2016-12-31 00:00:00\n关系信息: revenue_percent=12.0, relationship_start=2016-04-20 00:00:00, source=factset_revere_relationship, source_label=historical", "question": "基于上述目标公司画像和供应商画像，判断在决策年是否应选择该供应商。请只回答 [[1]] 表示选择 或 [[0]] 表示不选择。", "answer": "1", "target_entity_id": "001274-E", "supplier_entity_id": "0029MK-E", "year": "2016", "target_info": {"target_entity_id": "001274-E", "entity_proper_name": "PG&E Corp.", "iso_country": "US", "primary_sic_name": "", "company_id": 8013, "industry": "United States", "top_segments": ["Business and Public Services", "Energy"], "cutoff_date": "2016-12-31", "decision_year": 2016, "self_profile": {"factset_entity_id": "001274-E", "company_id": 8013, "entity_proper_name": "PG&E Corp.", "iso_country": "US", "primary_sic_name": "", "cutoff_date": "2016-12-31", "industry": "United States", "top_segments": ["Business and Public Services", "Energy"]}, "metadata": {"extraction_date": "2025-10-03 05:01:20", "total_suppliers": 110, "historical_suppliers": 45, "future_new_suppliers": 20, "random_noise_suppliers": 45, "positive_samples": 48, "negative_samples": 62}}, "supplier_raw": {"factset_entity_id": "0029MK-E", "entity_proper_name": "TC Pipelines LP", "iso_country": "US", "primary_sic_name": "", "company_id": "218581.0", "industry": "Natural Gas Pipeline and Storage", "top_segments": "['Energy']", "is_single_source": "False", "FF_SALES": "91.0", "FF_NET_MGN": "51.6483516483517", "FF_DEBT_EQ": "154.575707154742", "FF_ROIC": "6.9362261669954", "FF_CURR_RATIO": "1.54545454545455", "CURRENCY": "USD", "financial_date": "2016-12-31 00:00:00", "revenue_percent": "12.0", "relationship_start": "2016-04-20 00:00:00", "relationship_source": "factset_revere_relationship", "source_label": "historical", "ground_truth_label": "1"}, "source_label": "historical", "relationship_source": "factset_revere_relationship", "revenue_percent": "12.0", "is_single_source": "False", "industry": "Natural Gas Pipeline and Storage", "top_segments": "['Energy']"}
{"context": "[目标公司画像]\n目标ID: 001274-E\n公司名: PG&E Corp.\n国家: US\nSIC: N/A\n行业: United States\n业务段: Business and Public Services, Energy\n决策年: 2016\n\n[候选供应商画像]\n供应商ID: 0615JC-E\n名称: Global PVQ SE\n国家: DE\nSIC: N/A\n行业: Oil And Gas Extraction\n业务段: []\n单一来源: False\n财务指标: FF_SALES=12431.5, FF_NET_MGN=3.02135703656035, FF_DEBT_EQ=N/A, FF_ROIC=N/A, FF_CURR_RATIO=N/A, 货币=INR, 财报日期=2016-12-31 00:00:00\n关系信息: revenue_percent=N/A, relationship_start=2012-07-17 00:00:00, source=factset_revere_relationship, source_label=historical", "question": "基于上述目标公司画像和供应商画像，判断在决策年是否应选择该供应商。请只回答 [[1]] 表示选择 或 [[0]] 表示不选择。", "answer": "1", "target_entity_id": "001274-E", "supplier_entity_id": "0615JC-E", "year": "2016", "target_info": {"target_entity_id": "001274-E", "entity_proper_name": "PG&E Corp.", "iso_country": "US", "primary_sic_name": "", "company_id": 8013, "industry": "United States", "top_segments": ["Business and Public Services", "Energy"], "cutoff_date": "2016-12-31", "decision_year": 2016, "self_profile": {"factset_entity_id": "001274-E", "company_id": 8013, "entity_proper_name": "PG&E Corp.", "iso_country": "US", "primary_sic_name": "", "cutoff_date": "2016-12-31", "industry": "United States", "top_segments": ["Business and Public Services", "Energy"]}, "metadata": {"extraction_date": "2025-10-03 05:01:20", "total_suppliers": 110, "historical_suppliers": 45, "future_new_suppliers": 20, "random_noise_suppliers": 45, "positive_samples": 48, "negative_samples": 62}}, "supplier_raw": {"factset_entity_id": "0615JC-E", "entity_proper_name": "Global PVQ SE", "iso_country": "DE", "primary_sic_name": "", "company_id": "1736074.0", "industry": "Oil And Gas Extraction", "top_segments": "[]", "is_single_source": "False", "FF_SALES": "12431.5", "FF_NET_MGN": "3.02135703656035", "FF_DEBT_EQ": "", "FF_ROIC": "", "FF_CURR_RATIO": "", "CURRENCY": "INR", "financial_date": "2016-12-31 00:00:00", "revenue_percent": "", "relationship_start": "2012-07-17 00:00:00", "relationship_source": "factset_revere_relationship", "source_label": "historical", "ground_truth_label": "1"}, "source_label": "historical", "relationship_source": "factset_revere_relationship", "revenue_percent": "", "is_single_source": "False", "industry": "Oil And Gas Extraction", "top_segments": "[]"}
{"context": "[目标公司画像]\n目标ID: 001274-E\n公司名: PG&E Corp.\n国家: US\nSIC: N/A\n行业: United States\n业务段: Business and Public Services, Energy\n决策年: 2016\n\n[候选供应商画像]\n供应商ID: 000HMG-E\n名称: Dominion Energy, Inc.\n国家: US\nSIC: N/A\n行业: Natural Gas Utilities\n业务段: ['Energy', 'Business and Public Services', 'Unclassifiable']\n单一来源: False\n财务指标: FF_SALES=3018.0, FF_NET_MGN=15.142478462558, FF_DEBT_EQ=240.294419719274, FF_ROIC=5.23447901770304, FF_CURR_RATIO=0.523475046210721, 货币=USD, 财报日期=2016-12-31 00:00:00\n关系信息: revenue_percent=N/A, relationship_start=2015-03-13 00:00:00, source=factset_revere_relationship, source_label=historical", "question": "基于上述目标公司画像和供应商画像，判断在决策年是否应选择该供应商。请只回答 [[1]] 表示选择 或 [[0]] 表示不选择。", "answer": "1", "target_entity_id": "001274-E", "supplier_entity_id": "000HMG-E", "year": "2016", "target_info": {"target_entity_id": "001274-E", "entity_proper_name": "PG&E Corp.", "iso_country": "US", "primary_sic_name": "", "company_id": 8013, "industry": "United States", "top_segments": ["Business and Public Services", "Energy"], "cutoff_date": "2016-12-31", "decision_year": 2016, "self_profile": {"factset_entity_id": "001274-E", "company_id": 8013, "entity_proper_name": "PG&E Corp.", "iso_country": "US", "primary_sic_name": "", "cutoff_date": "2016-12-31", "industry": "United States", "top_segments": ["Business and Public Services", "Energy"]}, "metadata": {"extraction_date": "2025-10-03 05:01:20", "total_suppliers": 110, "historical_suppliers": 45, "future_new_suppliers": 20, "random_noise_suppliers": 45, "positive_samples": 48, "negative_samples": 62}}, "supplier_raw": {"factset_entity_id": "000HMG-E", "entity_proper_name": "Dominion Energy, Inc.", "iso_country": "US", "primary_sic_name": "", "company_id": "3244.0", "industry": "Natural Gas Utilities", "top_segments": "['Energy', 'Business and Public Services', 'Unclassifiable']", "is_single_source": "False", "FF_SALES": "3018.0", "FF_NET_MGN": "15.142478462558", "FF_DEBT_EQ": "240.294419719274", "FF_ROIC": "5.23447901770304", "FF_CURR_RATIO": "0.523475046210721", "CURRENCY": "USD", "financial_date": "2016-12-31 00:00:00", "revenue_percent": "", "relationship_start": "2015-03-13 00:00:00", "relationship_source": "factset_revere_relationship", "source_label": "historical", "ground_truth_label": "1"}, "source_label": "historical", "relationship_source": "factset_revere_relationship", "revenue_percent": "", "is_single_source": "False", "industry": "Natural Gas Utilities", "top_segments": "['Energy', 'Business and Public Services', 'Unclassifiable']"}
{"context": "[目标公司画像]\n目标ID: 001274-E\n公司名: PG&E Corp.\n国家: US\nSIC: N/A\n行业: United States\n业务段: Business and Public Services, Energy\n决策年: 2016\n\n[候选供应商画像]\n供应商ID: 000CSD-E\n名称: Berry Petroleum Co. LLC\n国家: US\nSIC: N/A\n行业: Support Activities for Oil and Gas Operations\n业务段: ['Energy', 'Business and Public Services', 'Unclassifiable']\n单一来源: False\n财务指标: FF_SALES=113.117, FF_NET_MGN=-87.0231706993644, FF_DEBT_EQ=302.778977151061, FF_ROIC=-50.729572471344, FF_CURR_RATIO=0.0819538997417726, 货币=USD, 财报日期=2016-09-30 00:00:00\n关系信息: revenue_percent=N/A, relationship_start=2015-02-11 00:00:00, source=factset_revere_relationship, source_label=historical", "question": "基于上述目标公司画像和供应商画像，判断在决策年是否应选择该供应商。请只回答 [[1]] 表示选择 或 [[0]] 表示不选择。", "answer": "0", "target_entity_id": "001274-E", "supplier_entity_id": "000CSD-E", "year": "2016", "target_info": {"target_entity_id": "001274-E", "entity_proper_name": "PG&E Corp.", "iso_country": "US", "primary_sic_name": "", "company_id": 8013, "industry": "United States", "top_segments": ["Business and Public Services", "Energy"], "cutoff_date": "2016-12-31", "decision_year": 2016, "self_profile": {"factset_entity_id": "001274-E", "company_id": 8013, "entity_proper_name": "PG&E Corp.", "iso_country": "US", "primary_sic_name": "", "cutoff_date": "2016-12-31", "industry": "United States", "top_segments": ["Business and Public Services", "Energy"]}, "metadata": {"extraction_date": "2025-10-03 05:01:20", "total_suppliers": 110, "historical_suppliers": 45, "future_new_suppliers": 20, "random_noise_suppliers": 45, "positive_samples": 48, "negative_samples": 62}}, "supplier_raw": {"factset_entity_id": "000CSD-E", "entity_proper_name": "Berry Petroleum Co. LLC", "iso_country": "US", "primary_sic_name": "", "company_id": "1324.0", "industry": "Support Activities for Oil and Gas Operations", "top_segments": "['Energy', 'Business and Public Services', 'Unclassifiable']", "is_single_source": "False", "FF_SALES": "113.117", "FF_NET_MGN": "-87.0231706993644", "FF_DEBT_EQ": "302.778977151061", "FF_ROIC": "-50.729572471344", "FF_CURR_RATIO": "0.0819538997417726", "CURRENCY": "USD", "financial_date": "2016-09-30 00:00:00", "revenue_percent": "", "relationship_start": "2015-02-11 00:00:00", "relationship_source": "factset_revere_relationship", "source_label": "historical", "ground_truth_label": "0"}, "source_label": "historical", "relationship_source": "factset_revere_relationship", "revenue_percent": "", "is_single_source": "False", "industry": "Support Activities for Oil and Gas Operations", "top_segments": "['Energy', 'Business and Public Services', 'Unclassifiable']"}
{"context": "[目标公司画像]\n目标ID: 001274-E\n公司名: PG&E Corp.\n国家: US\nSIC: N/A\n行业: United States\n业务段: Business and Public Services, Energy\n决策年: 2016\n\n[候选供应商画像]\n供应商ID: 000JBM-E\n名称: ESCO Technologies, Inc.\n国家: US\nSIC: N/A\n行业: Industrial Manufacturing\n业务段: ['Industrial and Materials', 'Technology']\n单一来源: False\n财务指标: FF_SALES=146.368, FF_NET_MGN=7.32878771316135, FF_DEBT_EQ=29.0024603753885, FF_ROIC=6.72118072211195, FF_CURR_RATIO=2.2271488911648, 货币=USD, 财报日期=2016-12-31 00:00:00\n关系信息: revenue_percent=N/A, relationship_start=2016-12-05 00:00:00, source=factset_revere_relationship, source_label=historical", "question": "基于上述目标公司画像和供应商画像，判断在决策年是否应选择该供应商。请只回答 [[1]] 表示选择 或 [[0]] 表示不选择。", "answer": "0", "target_entity_id": "001274-E", "supplier_entity_id": "000JBM-E", "year": "2016", "target_info": {"target_entity_id": "001274-E", "entity_proper_name": "PG&E Corp.", "iso_country": "US", "primary_sic_name": "", "company_id": 8013, "industry": "United States", "top_segments": ["Business and Public Services", "Energy"], "cutoff_date": "2016-12-31", "decision_year": 2016, "self_profile": {"factset_entity_id": "001274-E", "company_id": 8013, "entity_proper_name": "PG&E Corp.", "iso_country": "US", "primary_sic_name": "", "cutoff_date": "2016-12-31", "industry": "United States", "top_segments": ["Business and Public Services", "Energy"]}, "metadata": {"extraction_date": "2025-10-03 05:01:20", "total_suppliers": 110, "historical_suppliers": 45, "future_new_suppliers": 20, "random_noise_suppliers": 45, "positive_samples": 48, "negative_samples": 62}}, "supplier_raw": {"factset_entity_id": "000JBM-E", "entity_proper_name": "ESCO Technologies, Inc.", "iso_country": "US", "primary_sic_name": "", "company_id": "3686.0", "industry": "Industrial Manufacturing", "top_segments": "['Industrial and Materials', 'Technology']", "is_single_source": "False", "FF_SALES": "146.368", "FF_NET_MGN": "7.32878771316135", "FF_DEBT_EQ": "29.0024603753885", "FF_ROIC": "6.72118072211195", "FF_CURR_RATIO": "2.2271488911648", "CURRENCY": "USD", "financial_date": "2016-12-31 00:00:00", "revenue_percent": "", "relationship_start": "2016-12-05 00:00:00", "relationship_source": "factset_revere_relationship", "source_label": "historical", "ground_truth_label": "0"}, "source_label": "historical", "relationship_source": "factset_revere_relationship", "revenue_percent": "", "is_single_source": "False", "industry": "Industrial Manufacturing", "top_segments": "['Industrial and Materials', 'Technology']"}
{"context": "[目标公司画像]\n目标ID: 001274-E\n公司名: PG&E Corp.\n国家: US\nSIC: N/A\n行业: United States\n业务段: Business and Public Services, Energy\n决策年: 2016\n\n[候选供应商画像]\n供应商ID: 001WC9-E\n名称: Quanta Services, Inc.\n国家: US\nSIC: N/A\n行业: Infrastructure Construction\n业务段: ['Energy', 'Business and Public Services']\n单一来源: False\n财务指标: FF_SALES=2102.966, FF_NET_MGN=4.20976848888665, FF_DEBT_EQ=10.8139809614045, FF_ROIC=5.47916160900554, FF_CURR_RATIO=1.89901412844707, 货币=USD, 财报日期=2016-12-31 00:00:00\n关系信息: revenue_percent=N/A, relationship_start=2014-04-16 00:00:00, source=factset_revere_relationship, source_label=historical", "question": "基于上述目标公司画像和供应商画像，判断在决策年是否应选择该供应商。请只回答 [[1]] 表示选择 或 [[0]] 表示不选择。", "answer": "1", "target_entity_id": "001274-E", "supplier_entity_id": "001WC9-E", "year": "2016", "target_info": {"target_entity_id": "001274-E", "entity_proper_name": "PG&E Corp.", "iso_country": "US", "primary_sic_name": "", "company_id": 8013, "industry": "United States", "top_segments": ["Business and Public Services", "Energy"], "cutoff_date": "2016-12-31", "decision_year": 2016, "self_profile": {"factset_entity_id": "001274-E", "company_id": 8013, "entity_proper_name": "PG&E Corp.", "iso_country": "US", "primary_sic_name": "", "cutoff_date": "2016-12-31", "industry": "United States", "top_segments": ["Business and Public Services", "Energy"]}, "metadata": {"extraction_date": "2025-10-03 05:01:20", "total_suppliers": 110, "historical_suppliers": 45, "future_new_suppliers": 20, "random_noise_suppliers": 45, "positive_samples": 48, "negative_samples": 62}}, "supplier_raw": {"factset_entity_id": "001WC9-E", "entity_proper_name": "Quanta Services, Inc.", "iso_country": "US", "primary_sic_name": "", "company_id": "8493.0", "industry": "Infrastructure Construction", "top_segments": "['Energy', 'Business and Public Services']", "is_single_source": "False", "FF_SALES": "2102.966", "FF_NET_MGN": "4.20976848888665", "FF_DEBT_EQ": "10.8139809614045", "FF_ROIC": "5.47916160900554", "FF_CURR_RATIO": "1.89901412844707", "CURRENCY": "USD", "financial_date": "2016-12-31 00:00:00", "revenue_percent": "", "relationship_start": "2014-04-16 00:00:00", "relationship_source": "factset_revere_relationship", "source_label": "historical", "ground_truth_label": "1"}, "source_label": "historical", "relationship_source": "factset_revere_relationship", "revenue_percent": "", "is_single_source": "False", "industry": "Infrastructure Construction", "top_segments": "['Energy', 'Business and Public Services']"}
{"context": "[目标公司画像]\n目标ID: 001274-E\n公司名: PG&E Corp.\n国家: US\nSIC: N/A\n行业: United States\n业务段: Business and Public Services, Energy\n决策年: 2016\n\n[候选供应商画像]\n供应商ID: 0018R5-E\n名称: Edison International\n国家: US\nSIC: N/A\n行业: Business and Public Services\n业务段: ['Business and Public Services']\n单一来源: False\n财务指标: FF_SALES=2884.0, FF_NET_MGN=11.5117891816921, FF_DEBT_EQ=103.89296432144, FF_ROIC=5.83689058638508, FF_CURR_RATIO=0.359100135317997, 货币=USD, 财报日期=2016-12-31 00:00:00\n关系信息: revenue_percent=N/A, relationship_start=2015-02-26 00:00:00, source=factset_revere_relationship, source_label=historical", "question": "基于上述目标公司画像和供应商画像，判断在决策年是否应选择该供应商。请只回答 [[1]] 表示选择 或 [[0]] 表示不选择。", "answer": "0", "target_entity_id": "001274-E", "supplier_entity_id": "0018R5-E", "year": "2016", "target_info": {"target_entity_id": "001274-E", "entity_proper_name": "PG&E Corp.", "iso_country": "US", "primary_sic_name": "", "company_id": 8013, "industry": "United States", "top_segments": ["Business and Public Services", "Energy"], "cutoff_date": "2016-12-31", "decision_year": 2016, "self_profile": {"factset_entity_id": "001274-E", "company_id": 8013, "entity_proper_name": "PG&E Corp.", "iso_country": "US", "primary_sic_name": "", "cutoff_date": "2016-12-31", "industry": "United States", "top_segments": ["Business and Public Services", "Energy"]}, "metadata": {"extraction_date": "2025-10-03 05:01:20", "total_suppliers": 110, "historical_suppliers": 45, "future_new_suppliers": 20, "random_noise_suppliers": 45, "positive_samples": 48, "negative_samples": 62}}, "supplier_raw": {"factset_entity_id": "0018R5-E", "entity_proper_name": "Edison International", "iso_country": "US", "primary_sic_name": "", "company_id": "3444.0", "industry": "Business and Public Services", "top_segments": "['Business and Public Services']", "is_single_source": "False", "FF_SALES": "2884.0", "FF_NET_MGN": "11.5117891816921", "FF_DEBT_EQ": "103.89296432144", "FF_ROIC": "5.83689058638508", "FF_CURR_RATIO": "0.359100135317997", "CURRENCY": "USD", "financial_date": "2016-12-31 00:00:00", "revenue_percent": "", "relationship_start": "2015-02-26 00:00:00", "relationship_source": "factset_revere_relationship", "source_label": "historical", "ground_truth_label": "0"}, "source_label": "historical", "relationship_source": "factset_revere_relationship", "revenue_percent": "", "is_single_source": "False", "industry": "Business and Public Services", "top_segments": "['Business and Public Services']"}
{"context": "[目标公司画像]\n目标ID: 001274-E\n公司名: PG&E Corp.\n国家: US\nSIC: N/A\n行业: United States\n业务段: Business and Public Services, Energy\n决策年: 2016\n\n[候选供应商画像]\n供应商ID: 006424-E\n名称: Itron Networked Solutions, Inc.\n国家: US\nSIC: N/A\n行业: Technology\n业务段: ['Industrial and Materials', 'Business and Public Services', 'Technology']\n单一来源: False\n财务指标: FF_SALES=66.25, FF_NET_MGN=-21.1124528301887, FF_DEBT_EQ=N/A, FF_ROIC=N/A, FF_CURR_RATIO=0.505532901421015, 货币=USD, 财报日期=2016-12-31 00:00:00\n关系信息: revenue_percent=N/A, relationship_start=2016-03-14 00:00:00, source=factset_revere_relationship, source_label=historical", "question": "基于上述目标公司画像和供应商画像，判断在决策年是否应选择该供应商。请只回答 [[1]] 表示选择 或 [[0]] 表示不选择。", "answer": "1", "target_entity_id": "001274-E", "supplier_entity_id": "006424-E", "year": "2016", "target_info": {"target_entity_id": "001274-E", "entity_proper_name": "PG&E Corp.", "iso_country": "US", "primary_sic_name": "", "company_id": 8013, "industry": "United States", "top_segments": ["Business and Public Services", "Energy"], "cutoff_date": "2016-12-31", "decision_year": 2016, "self_profile": {"factset_entity_id": "001274-E", "company_id": 8013, "entity_proper_name": "PG&E Corp.", "iso_country": "US", "primary_sic_name": "", "cutoff_date": "2016-12-31", "industry": "United States", "top_segments": ["Business and Public Services", "Energy"]}, "metadata": {"extraction_date": "2025-10-03 05:01:20", "total_suppliers": 110, "historical_suppliers": 45, "future_new_suppliers": 20, "random_noise_suppliers": 45, "positive_samples": 48, "negative_samples": 62}}, "supplier_raw": {"factset_entity_id": "006424-E", "entity_proper_name": "Itron Networked Solutions, Inc.", "iso_country": "US", "primary_sic_name": "", "company_id": "21343169.0", "industry": "Technology", "top_segments": "['Industrial and Materials', 'Business and Public Services', 'Technology']", "is_single_source": "False", "FF_SALES": "66.25", "FF_NET_MGN": "-21.1124528301887", "FF_DEBT_EQ": "", "FF_ROIC": "", "FF_CURR_RATIO": "0.505532901421015", "CURRENCY": "USD", "financial_date": "2016-12-31 00:00:00", "revenue_percent": "", "relationship_start": "2016-03-14 00:00:00", "relationship_source": "factset_revere_relationship", "source_label": "historical", "ground_truth_label": "1"}, "source_label": "historical", "relationship_source": "factset_revere_relationship", "revenue_percent": "", "is_single_source": "False", "industry": "Technology", "top_segments": "['Industrial and Materials', 'Business and Public Services', 'Technology']"}
{"context": "[目标公司画像]\n目标ID: 001274-E\n公司名: PG&E Corp.\n国家: US\nSIC: N/A\n行业: United States\n业务段: Business and Public Services, Energy\n决策年: 2016\n\n[候选供应商画像]\n供应商ID: 07DCNN-E\n名称: Rapid7, Inc.\n国家: US\nSIC: N/A\n行业: Network Security\n业务段: ['Technology']\n单一来源: False\n财务指标: FF_SALES=45.034, FF_NET_MGN=-21.7036017231425, FF_DEBT_EQ=0.0, FF_ROIC=-88.9994823499496, FF_CURR_RATIO=0.894402131736362, 货币=USD, 财报日期=2016-12-31 00:00:00\n关系信息: revenue_percent=N/A, relationship_start=2016-04-28 00:00:00, source=factset_revere_relationship, source_label=future_new", "question": "基于上述目标公司画像和供应商画像，判断在决策年是否应选择该供应商。请只回答 [[1]] 表示选择 或 [[0]] 表示不选择。", "answer": "1", "target_entity_id": "001274-E", "supplier_entity_id": "07DCNN-E", "year": "2016", "target_info": {"target_entity_id": "001274-E", "entity_proper_name": "PG&E Corp.", "iso_country": "US", "primary_sic_name": "", "company_id": 8013, "industry": "United States", "top_segments": ["Business and Public Services", "Energy"], "cutoff_date": "2016-12-31", "decision_year": 2016, "self_profile": {"factset_entity_id": "001274-E", "company_id": 8013, "entity_proper_name": "PG&E Corp.", "iso_country": "US", "primary_sic_name": "", "cutoff_date": "2016-12-31", "industry": "United States", "top_segments": ["Business and Public Services", "Energy"]}, "metadata": {"extraction_date": "2025-10-03 05:01:20", "total_suppliers": 110, "historical_suppliers": 45, "future_new_suppliers": 20, "random_noise_suppliers": 45, "positive_samples": 48, "negative_samples": 62}}, "supplier_raw": {"factset_entity_id": "07DCNN-E", "entity_proper_name": "Rapid7, Inc.", "iso_country": "US", "primary_sic_name": "", "company_id": "25527142.0", "industry": "Network Security", "top_segments": "['Technology']", "is_single_source": "False", "FF_SALES": "45.034", "FF_NET_MGN": "-21.7036017231425", "FF_DEBT_EQ": "0.0", "FF_ROIC": "-88.9994823499496", "FF_CURR_RATIO": "0.894402131736362", "CURRENCY": "USD", "financial_date": "2016-12-31 00:00:00", "revenue_percent": "", "relationship_start": "2016-04-28 00:00:00", "relationship_source": "factset_revere_relationship", "source_label": "future_new", "ground_truth_label": "1"}, "source_label": "future_new", "relationship_source": "factset_revere_relationship", "revenue_percent": "", "is_single_source": "False", "industry": "Network Security", "top_segments": "['Technology']"}
{"context": "[目标公司画像]\n目标ID: 001274-E\n公司名: PG&E Corp.\n国家: US\nSIC: N/A\n行业: United States\n业务段: Business and Public Services, Energy\n决策年: 2016\n\n[候选供应商画像]\n供应商ID: 06PKPQ-E\n名称: Paramount Group, Inc.\n国家: US\nSIC: N/A\n行业: Office\n业务段: ['Finance']\n单一来源: False\n财务指标: FF_SALES=166.802, FF_NET_MGN=-3.89563674296471, FF_DEBT_EQ=93.9326141195312, FF_ROIC=-0.137999753645598, FF_CURR_RATIO=N/A, 货币=USD, 财报日期=2016-12-31 00:00:00\n关系信息: revenue_percent=N/A, relationship_start=N/A, source=N/A, source_label=future_new", "question": "基于上述目标公司画像和供应商画像，判断在决策年是否应选择该供应商。请只回答 [[1]] 表示选择 或 [[0]] 表示不选择。", "answer": "1", "target_entity_id": "001274-E", "supplier_entity_id": "06PKPQ-E", "year": "2016", "target_info": {"target_entity_id": "001274-E", "entity_proper_name": "PG&E Corp.", "iso_country": "US", "primary_sic_name": "", "company_id": 8013, "industry": "United States", "top_segments": ["Business and Public Services", "Energy"], "cutoff_date": "2016-12-31", "decision_year": 2016, "self_profile": {"factset_entity_id": "001274-E", "company_id": 8013, "entity_proper_name": "PG&E Corp.", "iso_country": "US", "primary_sic_name": "", "cutoff_date": "2016-12-31", "industry": "United States", "top_segments": ["Business and Public Services", "Energy"]}, "metadata": {"extraction_date": "2025-10-03 05:01:20", "total_suppliers": 110, "historical_suppliers": 45, "future_new_suppliers": 20, "random_noise_suppliers": 45, "positive_samples": 48, "negative_samples": 62}}, "supplier_raw": {"factset_entity_id": "06PKPQ-E", "entity_proper_name": "Paramount Group, Inc.", "iso_country": "US", "primary_sic_name": "", "company_id": "8721243.0", "industry": "Office", "top_segments": "['Finance']", "is_single_source": "False", "FF_SALES": "166.802", "FF_NET_MGN": "-3.89563674296471", "FF_DEBT_EQ": "93.9326141195312", "FF_ROIC": "-0.137999753645598", "FF_CURR_RATIO": "", "CURRENCY": "USD", "financial_date": "2016-12-31 00:00:00", "revenue_percent": "", "relationship_start": "", "relationship_source": "", "source_label": "future_new", "ground_truth_label": "1"}, "source_label": "future_new", "relationship_source": "", "revenue_percent": "", "is_single_source": "False", "industry": "Office", "top_segments": "['Finance']"}
{"context": "[目标公司画像]\n目标ID: 001274-E\n公司名: PG&E Corp.\n国家: US\nSIC: N/A\n行业: United States\n业务段: Business and Public Services, Energy\n决策年: 2016\n\n[候选供应商画像]\n供应商ID: 0D6426-E\n名称: Clearway Energy, Inc.\n国家: US\nSIC: N/A\n行业: Utilities\n业务段: ['Business and Public Services', 'Unclassifiable']\n单一来源: False\n财务指标: FF_SALES=249.0, FF_NET_MGN=-5.22088353413655, FF_DEBT_EQ=308.540540540541, FF_ROIC=0.833394253965933, FF_CURR_RATIO=1.40522875816993, 货币=USD, 财报日期=2016-12-31 00:00:00\n关系信息: revenue_percent=17.0, relationship_start=2016-03-08 00:00:00, source=factset_revere_relationship, source_label=historical", "question": "基于上述目标公司画像和供应商画像，判断在决策年是否应选择该供应商。请只回答 [[1]] 表示选择 或 [[0]] 表示不选择。", "answer": "1", "target_entity_id": "001274-E", "supplier_entity_id": "0D6426-E", "year": "2016", "target_info": {"target_entity_id": "001274-E", "entity_proper_name": "PG&E Corp.", "iso_country": "US", "primary_sic_name": "", "company_id": 8013, "industry": "United States", "top_segments": ["Business and Public Services", "Energy"], "cutoff_date": "2016-12-31", "decision_year": 2016, "self_profile": {"factset_entity_id": "001274-E", "company_id": 8013, "entity_proper_name": "PG&E Corp.", "iso_country": "US", "primary_sic_name": "", "cutoff_date": "2016-12-31", "industry": "United States", "top_segments": ["Business and Public Services", "Energy"]}, "metadata": {"extraction_date": "2025-10-03 05:01:20", "total_suppliers": 110, "historical_suppliers": 45, "future_new_suppliers": 20, "random_noise_suppliers": 45, "positive_samples": 48, "negative_samples": 62}}, "supplier_raw": {"factset_entity_id": "0D6426-E", "entity_proper_name": "Clearway Energy, Inc.", "iso_country": "US", "primary_sic_name": "", "company_id": "194536079.0", "industry": "Utilities", "top_segments": "['Business and Public Services', 'Unclassifiable']", "is_single_source": "False", "FF_SALES": "249.0", "FF_NET_MGN": "-5.22088353413655", "FF_DEBT_EQ": "308.540540540541", "FF_ROIC": "0.833394253965933", "FF_CURR_RATIO": "1.40522875816993", "CURRENCY": "USD", "financial_date": "2016-12-31 00:00:00", "revenue_percent": "17.0", "relationship_start": "2016-03-08 00:00:00", "relationship_source": "factset_revere_relationship", "source_label": "historical", "ground_truth_label": "1"}, "source_label": "historical", "relationship_source": "factset_revere_relationship", "revenue_percent": "17.0", "is_single_source": "False", "industry": "Utilities", "top_segments": "['Business and Public Services', 'Unclassifiable']"}
{"context": "[目标公司画像]\n目标ID: 001274-E\n公司名: PG&E Corp.\n国家: US\nSIC: N/A\n行业: United States\n业务段: Business and Public Services, Energy\n决策年: 2016\n\n[候选供应商画像]\n供应商ID: 0GR2P2-E\n名称: Southwest Gas Holdings, Inc.\n国家: US\nSIC: N/A\n行业: Natural Gas Infrastructure\n业务段: ['Business and Public Services']\n单一来源: False\n财务指标: FF_SALES=641.525, FF_NET_MGN=10.1601652312848, FF_DEBT_EQ=96.1883750428316, FF_ROIC=4.78185147705999, FF_CURR_RATIO=0.844557787945096, 货币=USD, 财报日期=2016-12-31 00:00:00\n关系信息: revenue_percent=N/A, relationship_start=N/A, source=N/A, source_label=future_new", "question": "基于上述目标公司画像和供应商画像，判断在决策年是否应选择该供应商。请只回答 [[1]] 表示选择 或 [[0]] 表示不选择。", "answer": "1", "target_entity_id": "001274-E", "supplier_entity_id": "0GR2P2-E", "year": "2016", "target_info": {"target_entity_id": "001274-E", "entity_proper_name": "PG&E Corp.", "iso_country": "US", "primary_sic_name": "", "company_id": 8013, "industry": "United States", "top_segments": ["Business and Public Services", "Energy"], "cutoff_date": "2016-12-31", "decision_year": 2016, "self_profile": {"factset_entity_id": "001274-E", "company_id": 8013, "entity_proper_name": "PG&E Corp.", "iso_country": "US", "primary_sic_name": "", "cutoff_date": "2016-12-31", "industry": "United States", "top_segments": ["Business and Public Services", "Energy"]}, "metadata": {"extraction_date": "2025-10-03 05:01:20", "total_suppliers": 110, "historical_suppliers": 45, "future_new_suppliers": 20, "random_noise_suppliers": 45, "positive_samples": 48, "negative_samples": 62}}, "supplier_raw": {"factset_entity_id": "0GR2P2-E", "entity_proper_name": "Southwest Gas Holdings, Inc.", "iso_country": "US", "primary_sic_name": "", "company_id": "102483771.0", "industry": "Natural Gas Infrastructure", "top_segments": "['Business and Public Services']", "is_single_source": "False", "FF_SALES": "641.525", "FF_NET_MGN": "10.1601652312848", "FF_DEBT_EQ": "96.1883750428316", "FF_ROIC": "4.78185147705999", "FF_CURR_RATIO": "0.844557787945096", "CURRENCY": "USD", "financial_date": "2016-12-31 00:00:00", "revenue_percent": "", "relationship_start": "", "relationship_source": "", "source_label": "future_new", "ground_truth_label": "1"}, "source_label": "future_new", "relationship_source": "", "revenue_percent": "", "is_single_source": "False", "industry": "Natural Gas Infrastructure", "top_segments": "['Business and Public Services']"}
{"context": "[目标公司画像]\n目标ID: 001274-E\n公司名: PG&E Corp.\n国家: US\nSIC: N/A\n行业: United States\n业务段: Business and Public Services, Energy\n决策年: 2016\n\n[候选供应商画像]\n供应商ID: 05K4K2-E\n名称: Enel Generación Perú SAA\n国家: PE\nSIC: N/A\n行业: Central and South America\n业务段: ['Business and Public Services']\n单一来源: False\n财务指标: FF_SALES=498.525, FF_NET_MGN=4.86154154756532, FF_DEBT_EQ=15.9250787244342, FF_ROIC=8.16386941363763, FF_CURR_RATIO=1.39978472414964, 货币=PEN, 财报日期=2016-12-31 00:00:00\n关系信息: revenue_percent=N/A, relationship_start=N/A, source=N/A, source_label=future_new", "question": "基于上述目标公司画像和供应商画像，判断在决策年是否应选择该供应商。请只回答 [[1]] 表示选择 或 [[0]] 表示不选择。", "answer": "1", "target_entity_id": "001274-E", "supplier_entity_id": "05K4K2-E", "year": "2016", "target_info": {"target_entity_id": "001274-E", "entity_proper_name": "PG&E Corp.", "iso_country": "US", "primary_sic_name": "", "company_id": 8013, "industry": "United States", "top_segments": ["Business and Public Services", "Energy"], "cutoff_date": "2016-12-31", "decision_year": 2016, "self_profile": {"factset_entity_id": "001274-E", "company_id": 8013, "entity_proper_name": "PG&E Corp.", "iso_country": "US", "primary_sic_name": "", "cutoff_date": "2016-12-31", "industry": "United States", "top_segments": ["Business and Public Services", "Energy"]}, "metadata": {"extraction_date": "2025-10-03 05:01:20", "total_suppliers": 110, "historical_suppliers": 45, "future_new_suppliers": 20, "random_noise_suppliers": 45, "positive_samples": 48, "negative_samples": 62}}, "supplier_raw": {"factset_entity_id": "05K4K2-E", "entity_proper_name": "Enel Generación Perú SAA", "iso_country": "PE", "primary_sic_name": "", "company_id": "21070604.0", "industry": "Central and South America", "top_segments": "['Business and Public Services']", "is_single_source": "False", "FF_SALES": "498.525", "FF_NET_MGN": "4.86154154756532", "FF_DEBT_EQ": "15.9250787244342", "FF_ROIC": "8.16386941363763", "FF_CURR_RATIO": "1.39978472414964", "CURRENCY": "PEN", "financial_date": "2016-12-31 00:00:00", "revenue_percent": "", "relationship_start": "", "relationship_source": "", "source_label": "future_new", "ground_truth_label": "1"}, "source_label": "future_new", "relationship_source": "", "revenue_percent": "", "is_single_source": "False", "industry": "Central and South America", "top_segments": "['Business and Public Services']"}
{"context": "[目标公司画像]\n目标ID: 001274-E\n公司名: PG&E Corp.\n国家: US\nSIC: N/A\n行业: United States\n业务段: Business and Public Services, Energy\n决策年: 2016\n\n[候选供应商画像]\n供应商ID: 000WQ5-E\n名称: The Southern Co.\n国家: US\nSIC: N/A\n行业: Electricity\n业务段: ['Business and Public Services', 'Energy']\n单一来源: False\n财务指标: FF_SALES=5181.0, FF_NET_MGN=4.49720131248794, FF_DEBT_EQ=186.215420835786, FF_ROIC=4.37079941465637, FF_CURR_RATIO=0.752651544476272, 货币=USD, 财报日期=2016-12-31 00:00:00\n关系信息: revenue_percent=N/A, relationship_start=2016-03-03 00:00:00, source=factset_revere_relationship, source_label=future_new", "question": "基于上述目标公司画像和供应商画像，判断在决策年是否应选择该供应商。请只回答 [[1]] 表示选择 或 [[0]] 表示不选择。", "answer": "1", "target_entity_id": "001274-E", "supplier_entity_id": "000WQ5-E", "year": "2016", "target_info": {"target_entity_id": "001274-E", "entity_proper_name": "PG&E Corp.", "iso_country": "US", "primary_sic_name": "", "company_id": 8013, "industry": "United States", "top_segments": ["Business and Public Services", "Energy"], "cutoff_date": "2016-12-31", "decision_year": 2016, "self_profile": {"factset_entity_id": "001274-E", "company_id": 8013, "entity_proper_name": "PG&E Corp.", "iso_country": "US", "primary_sic_name": "", "cutoff_date": "2016-12-31", "industry": "United States", "top_segments": ["Business and Public Services", "Energy"]}, "metadata": {"extraction_date": "2025-10-03 05:01:20", "total_suppliers": 110, "historical_suppliers": 45, "future_new_suppliers": 20, "random_noise_suppliers": 45, "positive_samples": 48, "negative_samples": 62}}, "supplier_raw": {"factset_entity_id": "000WQ5-E", "entity_proper_name": "The Southern Co.", "iso_country": "US", "primary_sic_name": "", "company_id": "9443.0", "industry": "Electricity", "top_segments": "['Business and Public Services', 'Energy']", "is_single_source": "False", "FF_SALES": "5181.0", "FF_NET_MGN": "4.49720131248794", "FF_DEBT_EQ": "186.215420835786", "FF_ROIC": "4.37079941465637", "FF_CURR_RATIO": "0.752651544476272", "CURRENCY": "USD", "financial_date": "2016-12-31 00:00:00", "revenue_percent": "", "relationship_start": "2016-03-03 00:00:00", "relationship_source": "factset_revere_relationship", "source_label": "future_new", "ground_truth_label": "1"}, "source_label": "future_new", "relationship_source": "factset_revere_relationship", "revenue_percent": "", "is_single_source": "False", "industry": "Electricity", "top_segments": "['Business and Public Services', 'Energy']"}
{"context": "[目标公司画像]\n目标ID: 001274-E\n公司名: PG&E Corp.\n国家: US\nSIC: N/A\n行业: United States\n业务段: Business and Public Services, Energy\n决策年: 2016\n\n[候选供应商画像]\n供应商ID: 000XWB-E\n名称: TRC Cos., Inc.\n国家: US\nSIC: N/A\n行业: Consulting, Planning and Design\n业务段: ['Business and Public Services']\n单一来源: False\n财务指标: FF_SALES=0.066594, FF_NET_MGN=217.488061987566, FF_DEBT_EQ=0.0, FF_ROIC=1.22919124997696, FF_CURR_RATIO=N/A, 货币=CAD, 财报日期=2016-12-31 00:00:00\n关系信息: revenue_percent=N/A, relationship_start=2016-10-19 00:00:00, source=factset_revere_relationship, source_label=future_new", "question": "基于上述目标公司画像和供应商画像，判断在决策年是否应选择该供应商。请只回答 [[1]] 表示选择 或 [[0]] 表示不选择。", "answer": "1", "target_entity_id": "001274-E", "supplier_entity_id": "000XWB-E", "year": "2016", "target_info": {"target_entity_id": "001274-E", "entity_proper_name": "PG&E Corp.", "iso_country": "US", "primary_sic_name": "", "company_id": 8013, "industry": "United States", "top_segments": ["Business and Public Services", "Energy"], "cutoff_date": "2016-12-31", "decision_year": 2016, "self_profile": {"factset_entity_id": "001274-E", "company_id": 8013, "entity_proper_name": "PG&E Corp.", "iso_country": "US", "primary_sic_name": "", "cutoff_date": "2016-12-31", "industry": "United States", "top_segments": ["Business and Public Services", "Energy"]}, "metadata": {"extraction_date": "2025-10-03 05:01:20", "total_suppliers": 110, "historical_suppliers": 45, "future_new_suppliers": 20, "random_noise_suppliers": 45, "positive_samples": 48, "negative_samples": 62}}, "supplier_raw": {"factset_entity_id": "000XWB-E", "entity_proper_name": "TRC Cos., Inc.", "iso_country": "US", "primary_sic_name": "", "company_id": "10329.0", "industry": "Consulting, Planning and Design", "top_segments": "['Business and Public Services']", "is_single_source": "False", "FF_SALES": "0.066594", "FF_NET_MGN": "217.488061987566", "FF_DEBT_EQ": "0.0", "FF_ROIC": "1.22919124997696", "FF_CURR_RATIO": "", "CURRENCY": "CAD", "financial_date": "2016-12-31 00:00:00", "revenue_percent": "", "relationship_start": "2016-10-19 00:00:00", "relationship_source": "factset_revere_relationship", "source_label": "future_new", "ground_truth_label": "1"}, "source_label": "future_new", "relationship_source": "factset_revere_relationship", "revenue_percent": "", "is_single_source": "False", "industry": "Consulting, Planning and Design", "top_segments": "['Business and Public Services']"}
{"context": "[目标公司画像]\n目标ID: 001274-E\n公司名: PG&E Corp.\n国家: US\nSIC: N/A\n行业: United States\n业务段: Business and Public Services, Energy\n决策年: 2016\n\n[候选供应商画像]\n供应商ID: 05KYZD-E\n名称: Worley Ltd.\n国家: AU\nSIC: N/A\n行业: Infrastructure Construction\n业务段: ['Energy', 'Business and Public Services']\n单一来源: False\n财务指标: FF_SALES=N/A, FF_NET_MGN=N/A, FF_DEBT_EQ=N/A, FF_ROIC=N/A, FF_CURR_RATIO=N/A, 货币=N/A, 财报日期=N/A\n关系信息: revenue_percent=N/A, relationship_start=2016-12-13 00:00:00, source=factset_revere_relationship, source_label=future_new", "question": "基于上述目标公司画像和供应商画像，判断在决策年是否应选择该供应商。请只回答 [[1]] 表示选择 或 [[0]] 表示不选择。", "answer": "1", "target_entity_id": "001274-E", "supplier_entity_id": "05KYZD-E", "year": "2016", "target_info": {"target_entity_id": "001274-E", "entity_proper_name": "PG&E Corp.", "iso_country": "US", "primary_sic_name": "", "company_id": 8013, "industry": "United States", "top_segments": ["Business and Public Services", "Energy"], "cutoff_date": "2016-12-31", "decision_year": 2016, "self_profile": {"factset_entity_id": "001274-E", "company_id": 8013, "entity_proper_name": "PG&E Corp.", "iso_country": "US", "primary_sic_name": "", "cutoff_date": "2016-12-31", "industry": "United States", "top_segments": ["Business and Public Services", "Energy"]}, "metadata": {"extraction_date": "2025-10-03 05:01:20", "total_suppliers": 110, "historical_suppliers": 45, "future_new_suppliers": 20, "random_noise_suppliers": 45, "positive_samples": 48, "negative_samples": 62}}, "supplier_raw": {"factset_entity_id": "05KYZD-E", "entity_proper_name": "Worley Ltd.", "iso_country": "AU", "primary_sic_name": "", "company_id": "22443218.0", "industry": "Infrastructure Construction", "top_segments": "['Energy', 'Business and Public Services']", "is_single_source": "False", "FF_SALES": "", "FF_NET_MGN": "", "FF_DEBT_EQ": "", "FF_ROIC": "", "FF_CURR_RATIO": "", "CURRENCY": "", "financial_date": "", "revenue_percent": "", "relationship_start": "2016-12-13 00:00:00", "relationship_source": "factset_revere_relationship", "source_label": "future_new", "ground_truth_label": "1"}, "source_label": "future_new", "relationship_source": "factset_revere_relationship", "revenue_percent": "", "is_single_source": "False", "industry": "Infrastructure Construction", "top_segments": "['Energy', 'Business and Public Services']"}
{"context": "[目标公司画像]\n目标ID: 001274-E\n公司名: PG&E Corp.\n国家: US\nSIC: N/A\n行业: United States\n业务段: Business and Public Services, Energy\n决策年: 2016\n\n[候选供应商画像]\n供应商ID: 000XKP-E\n名称: Team, Inc.\n国家: US\nSIC: N/A\n行业: Consulting and Business Process Outsourcing\n业务段: ['Business and Public Services']\n单一来源: False\n财务指标: FF_SALES=319.825, FF_NET_MGN=-2.63831783006332, FF_DEBT_EQ=68.4999355907079, FF_ROIC=-1.59852220978998, FF_CURR_RATIO=2.71699352157107, 货币=USD, 财报日期=2016-12-31 00:00:00\n关系信息: revenue_percent=N/A, relationship_start=N/A, source=N/A, source_label=future_new", "question": "基于上述目标公司画像和供应商画像，判断在决策年是否应选择该供应商。请只回答 [[1]] 表示选择 或 [[0]] 表示不选择。", "answer": "1", "target_entity_id": "001274-E", "supplier_entity_id": "000XKP-E", "year": "2016", "target_info": {"target_entity_id": "001274-E", "entity_proper_name": "PG&E Corp.", "iso_country": "US", "primary_sic_name": "", "company_id": 8013, "industry": "United States", "top_segments": ["Business and Public Services", "Energy"], "cutoff_date": "2016-12-31", "decision_year": 2016, "self_profile": {"factset_entity_id": "001274-E", "company_id": 8013, "entity_proper_name": "PG&E Corp.", "iso_country": "US", "primary_sic_name": "", "cutoff_date": "2016-12-31", "industry": "United States", "top_segments": ["Business and Public Services", "Energy"]}, "metadata": {"extraction_date": "2025-10-03 05:01:20", "total_suppliers": 110, "historical_suppliers": 45, "future_new_suppliers": 20, "random_noise_suppliers": 45, "positive_samples": 48, "negative_samples": 62}}, "supplier_raw": {"factset_entity_id": "000XKP-E", "entity_proper_name": "Team, Inc.", "iso_country": "US", "primary_sic_name": "", "company_id": "9967.0", "industry": "Consulting and Business Process Outsourcing", "top_segments": "['Business and Public Services']", "is_single_source": "False", "FF_SALES": "319.825", "FF_NET_MGN": "-2.63831783006332", "FF_DEBT_EQ": "68.4999355907079", "FF_ROIC": "-1.59852220978998", "FF_CURR_RATIO": "2.71699352157107", "CURRENCY": "USD", "financial_date": "2016-12-31 00:00:00", "revenue_percent": "", "relationship_start": "", "relationship_source": "", "source_label": "future_new", "ground_truth_label": "1"}, "source_label": "future_new", "relationship_source": "", "revenue_percent": "", "is_single_source": "False", "industry": "Consulting and Business Process Outsourcing", "top_segments": "['Business and Public Services']"}
{"context": "[目标公司画像]\n目标ID: 001274-E\n公司名: PG&E Corp.\n国家: US\nSIC: N/A\n行业: United States\n业务段: Business and Public Services, Energy\n决策年: 2016\n\n[候选供应商画像]\n供应商ID: 05HWM4-E\n名称: RS Energy KK\n国家: JP\nSIC: N/A\n行业: Industrial Manufacturing\n业务段: ['Energy', 'Finance', 'Industrial and Materials', 'Consumer']\n单一来源: False\n财务指标: FF_SALES=4221.85102243631, FF_NET_MGN=1.22943550654733, FF_DEBT_EQ=63.4003940494913, FF_ROIC=6.08371798491895, FF_CURR_RATIO=0.993272395023479, 货币=USD, 财报日期=2016-12-31 00:00:00\n关系信息: revenue_percent=N/A, relationship_start=2016-07-20 00:00:00, source=factset_revere_relationship, source_label=future_new", "question": "基于上述目标公司画像和供应商画像，判断在决策年是否应选择该供应商。请只回答 [[1]] 表示选择 或 [[0]] 表示不选择。", "answer": "1", "target_entity_id": "001274-E", "supplier_entity_id": "05HWM4-E", "year": "2016", "target_info": {"target_entity_id": "001274-E", "entity_proper_name": "PG&E Corp.", "iso_country": "US", "primary_sic_name": "", "company_id": 8013, "industry": "United States", "top_segments": ["Business and Public Services", "Energy"], "cutoff_date": "2016-12-31", "decision_year": 2016, "self_profile": {"factset_entity_id": "001274-E", "company_id": 8013, "entity_proper_name": "PG&E Corp.", "iso_country": "US", "primary_sic_name": "", "cutoff_date": "2016-12-31", "industry": "United States", "top_segments": ["Business and Public Services", "Energy"]}, "metadata": {"extraction_date": "2025-10-03 05:01:20", "total_suppliers": 110, "historical_suppliers": 45, "future_new_suppliers": 20, "random_noise_suppliers": 45, "positive_samples": 48, "negative_samples": 62}}, "supplier_raw": {"factset_entity_id": "05HWM4-E", "entity_proper_name": "RS Energy KK", "iso_country": "JP", "primary_sic_name": "", "company_id": "22446066.0", "industry": "Industrial Manufacturing", "top_segments": "['Energy', 'Finance', 'Industrial and Materials', 'Consumer']", "is_single_source": "False", "FF_SALES": "4221.85102243631", "FF_NET_MGN": "1.22943550654733", "FF_DEBT_EQ": "63.4003940494913", "FF_ROIC": "6.08371798491895", "FF_CURR_RATIO": "0.993272395023479", "CURRENCY": "USD", "financial_date": "2016-12-31 00:00:00", "revenue_percent": "", "relationship_start": "2016-07-20 00:00:00", "relationship_source": "factset_revere_relationship", "source_label": "future_new", "ground_truth_label": "1"}, "source_label": "future_new", "relationship_source": "factset_revere_relationship", "revenue_percent": "", "is_single_source": "False", "industry": "Industrial Manufacturing", "top_segments": "['Energy', 'Finance', 'Industrial and Materials', 'Consumer']"}
{"context": "[目标公司画像]\n目标ID: 001274-E\n公司名: PG&E Corp.\n国家: US\nSIC: N/A\n行业: United States\n业务段: Business and Public Services, Energy\n决策年: 2016\n\n[候选供应商画像]\n供应商ID: 07D53V-E\n名称: Rocket Fuel, Inc.\n国家: US\nSIC: N/A\n行业: Technology\n业务段: ['Technology']\n单一来源: False\n财务指标: FF_SALES=124.83, FF_NET_MGN=-14.0134583032925, FF_DEBT_EQ=98.9500981055869, FF_ROIC=-51.0752437374633, FF_CURR_RATIO=1.08331573283449, 货币=USD, 财报日期=2016-12-31 00:00:00\n关系信息: revenue_percent=N/A, relationship_start=2016-04-14 00:00:00, source=factset_revere_relationship, source_label=future_new", "question": "基于上述目标公司画像和供应商画像，判断在决策年是否应选择该供应商。请只回答 [[1]] 表示选择 或 [[0]] 表示不选择。", "answer": "1", "target_entity_id": "001274-E", "supplier_entity_id": "07D53V-E", "year": "2016", "target_info": {"target_entity_id": "001274-E", "entity_proper_name": "PG&E Corp.", "iso_country": "US", "primary_sic_name": "", "company_id": 8013, "industry": "United States", "top_segments": ["Business and Public Services", "Energy"], "cutoff_date": "2016-12-31", "decision_year": 2016, "self_profile": {"factset_entity_id": "001274-E", "company_id": 8013, "entity_proper_name": "PG&E Corp.", "iso_country": "US", "primary_sic_name": "", "cutoff_date": "2016-12-31", "industry": "United States", "top_segments": ["Business and Public Services", "Energy"]}, "metadata": {"extraction_date": "2025-10-03 05:01:20", "total_suppliers": 110, "historical_suppliers": 45, "future_new_suppliers": 20, "random_noise_suppliers": 45, "positive_samples": 48, "negative_samples": 62}}, "supplier_raw": {"factset_entity_id": "07D53V-E", "entity_proper_name": "Rocket Fuel, Inc.", "iso_country": "US", "primary_sic_name": "", "company_id": "194536573.0", "industry": "Technology", "top_segments": "['Technology']", "is_single_source": "False", "FF_SALES": "124.83", "FF_NET_MGN": "-14.0134583032925", "FF_DEBT_EQ": "98.9500981055869", "FF_ROIC": "-51.0752437374633", "FF_CURR_RATIO": "1.08331573283449", "CURRENCY": "USD", "financial_date": "2016-12-31 00:00:00", "revenue_percent": "", "relationship_start": "2016-04-14 00:00:00", "relationship_source": "factset_revere_relationship", "source_label": "future_new", "ground_truth_label": "1"}, "source_label": "future_new", "relationship_source": "factset_revere_relationship", "revenue_percent": "", "is_single_source": "False", "industry": "Technology", "top_segments": "['Technology']"}
{"context": "[目标公司画像]\n目标ID: 001274-E\n公司名: PG&E Corp.\n国家: US\nSIC: N/A\n行业: United States\n业务段: Business and Public Services, Energy\n决策年: 2016\n\n[候选供应商画像]\n供应商ID: 0FZ1HS-E\n名称: Avangrid, Inc.\n国家: US\nSIC: N/A\n行业: Northeast\n业务段: ['Energy', 'Unclassifiable', 'Business and Public Services']\n单一来源: False\n财务指标: FF_SALES=1614.0, FF_NET_MGN=12.8252788104089, FF_DEBT_EQ=33.225229995367, FF_ROIC=N/A, FF_CURR_RATIO=0.830383480825959, 货币=USD, 财报日期=2016-12-31 00:00:00\n关系信息: revenue_percent=N/A, relationship_start=N/A, source=N/A, source_label=future_new", "question": "基于上述目标公司画像和供应商画像，判断在决策年是否应选择该供应商。请只回答 [[1]] 表示选择 或 [[0]] 表示不选择。", "answer": "1", "target_entity_id": "001274-E", "supplier_entity_id": "0FZ1HS-E", "year": "2016", "target_info": {"target_entity_id": "001274-E", "entity_proper_name": "PG&E Corp.", "iso_country": "US", "primary_sic_name": "", "company_id": 8013, "industry": "United States", "top_segments": ["Business and Public Services", "Energy"], "cutoff_date": "2016-12-31", "decision_year": 2016, "self_profile": {"factset_entity_id": "001274-E", "company_id": 8013, "entity_proper_name": "PG&E Corp.", "iso_country": "US", "primary_sic_name": "", "cutoff_date": "2016-12-31", "industry": "United States", "top_segments": ["Business and Public Services", "Energy"]}, "metadata": {"extraction_date": "2025-10-03 05:01:20", "total_suppliers": 110, "historical_suppliers": 45, "future_new_suppliers": 20, "random_noise_suppliers": 45, "positive_samples": 48, "negative_samples": 62}}, "supplier_raw": {"factset_entity_id": "0FZ1HS-E", "entity_proper_name": "Avangrid, Inc.", "iso_country": "US", "primary_sic_name": "", "company_id": "84419867.0", "industry": "Northeast", "top_segments": "['Energy', 'Unclassifiable', 'Business and Public Services']", "is_single_source": "False", "FF_SALES": "1614.0", "FF_NET_MGN": "12.8252788104089", "FF_DEBT_EQ": "33.225229995367", "FF_ROIC": "", "FF_CURR_RATIO": "0.830383480825959", "CURRENCY": "USD", "financial_date": "2016-12-31 00:00:00", "revenue_percent": "", "relationship_start": "", "relationship_source": "", "source_label": "future_new", "ground_truth_label": "1"}, "source_label": "future_new", "relationship_source": "", "revenue_percent": "", "is_single_source": "False", "industry": "Northeast", "top_segments": "['Energy', 'Unclassifiable', 'Business and Public Services']"}
{"context": "[目标公司画像]\n目标ID: 001274-E\n公司名: PG&E Corp.\n国家: US\nSIC: N/A\n行业: United States\n业务段: Business and Public Services, Energy\n决策年: 2016\n\n[候选供应商画像]\n供应商ID: 006DPK-E\n名称: SunPower Corp.\n国家: US\nSIC: N/A\n行业: Business and Public Services\n业务段: ['Industrial and Materials', 'Finance']\n单一来源: False\n财务指标: FF_SALES=1024.889, FF_NET_MGN=-26.8436874627399, FF_DEBT_EQ=185.581128600799, FF_ROIC=-15.7007359678322, FF_CURR_RATIO=1.66730662508313, 货币=USD, 财报日期=2016-12-31 00:00:00\n关系信息: revenue_percent=N/A, relationship_start=2016-02-25 00:00:00, source=factset_revere_relationship, source_label=future_new", "question": "基于上述目标公司画像和供应商画像，判断在决策年是否应选择该供应商。请只回答 [[1]] 表示选择 或 [[0]] 表示不选择。", "answer": "1", "target_entity_id": "001274-E", "supplier_entity_id": "006DPK-E", "year": "2016", "target_info": {"target_entity_id": "001274-E", "entity_proper_name": "PG&E Corp.", "iso_country": "US", "primary_sic_name": "", "company_id": 8013, "industry": "United States", "top_segments": ["Business and Public Services", "Energy"], "cutoff_date": "2016-12-31", "decision_year": 2016, "self_profile": {"factset_entity_id": "001274-E", "company_id": 8013, "entity_proper_name": "PG&E Corp.", "iso_country": "US", "primary_sic_name": "", "cutoff_date": "2016-12-31", "industry": "United States", "top_segments": ["Business and Public Services", "Energy"]}, "metadata": {"extraction_date": "2025-10-03 05:01:20", "total_suppliers": 110, "historical_suppliers": 45, "future_new_suppliers": 20, "random_noise_suppliers": 45, "positive_samples": 48, "negative_samples": 62}}, "supplier_raw": {"factset_entity_id": "006DPK-E", "entity_proper_name": "SunPower Corp.", "iso_country": "US", "primary_sic_name": "", "company_id": "1511861.0", "industry": "Business and Public Services", "top_segments": "['Industrial and Materials', 'Finance']", "is_single_source": "False", "FF_SALES": "1024.889", "FF_NET_MGN": "-26.8436874627399", "FF_DEBT_EQ": "185.581128600799", "FF_ROIC": "-15.7007359678322", "FF_CURR_RATIO": "1.66730662508313", "CURRENCY": "USD", "financial_date": "2016-12-31 00:00:00", "revenue_percent": "", "relationship_start": "2016-02-25 00:00:00", "relationship_source": "factset_revere_relationship", "source_label": "future_new", "ground_truth_label": "1"}, "source_label": "future_new", "relationship_source": "factset_revere_relationship", "revenue_percent": "", "is_single_source": "False", "industry": "Business and Public Services", "top_segments": "['Industrial and Materials', 'Finance']"}
{"context": "[目标公司画像]\n目标ID: 001274-E\n公司名: PG&E Corp.\n国家: US\nSIC: N/A\n行业: United States\n业务段: Business and Public Services, Energy\n决策年: 2016\n\n[候选供应商画像]\n供应商ID: 001ZH0-E\n名称: Open Text Corp.\n国家: CA\nSIC: N/A\n行业: Technology\n业务段: ['Technology']\n单一来源: False\n财务指标: FF_SALES=542.709, FF_NET_MGN=8.29579019327117, FF_DEBT_EQ=68.7135702814882, FF_ROIC=23.9220185138484, FF_CURR_RATIO=3.29419045072052, 货币=USD, 财报日期=2016-12-31 00:00:00\n关系信息: revenue_percent=N/A, relationship_start=2012-11-07 00:00:00, source=factset_revere_relationship, source_label=future_new", "question": "基于上述目标公司画像和供应商画像，判断在决策年是否应选择该供应商。请只回答 [[1]] 表示选择 或 [[0]] 表示不选择。", "answer": "1", "target_entity_id": "001274-E", "supplier_entity_id": "001ZH0-E", "year": "2016", "target_info": {"target_entity_id": "001274-E", "entity_proper_name": "PG&E Corp.", "iso_country": "US", "primary_sic_name": "", "company_id": 8013, "industry": "United States", "top_segments": ["Business and Public Services", "Energy"], "cutoff_date": "2016-12-31", "decision_year": 2016, "self_profile": {"factset_entity_id": "001274-E", "company_id": 8013, "entity_proper_name": "PG&E Corp.", "iso_country": "US", "primary_sic_name": "", "cutoff_date": "2016-12-31", "industry": "United States", "top_segments": ["Business and Public Services", "Energy"]}, "metadata": {"extraction_date": "2025-10-03 05:01:20", "total_suppliers": 110, "historical_suppliers": 45, "future_new_suppliers": 20, "random_noise_suppliers": 45, "positive_samples": 48, "negative_samples": 62}}, "supplier_raw": {"factset_entity_id": "001ZH0-E", "entity_proper_name": "Open Text Corp.", "iso_country": "CA", "primary_sic_name": "", "company_id": "7625.0", "industry": "Technology", "top_segments": "['Technology']", "is_single_source": "False", "FF_SALES": "542.709", "FF_NET_MGN": "8.29579019327117", "FF_DEBT_EQ": "68.7135702814882", "FF_ROIC": "23.9220185138484", "FF_CURR_RATIO": "3.29419045072052", "CURRENCY": "USD", "financial_date": "2016-12-31 00:00:00", "revenue_percent": "", "relationship_start": "2012-11-07 00:00:00", "relationship_source": "factset_revere_relationship", "source_label": "future_new", "ground_truth_label": "1"}, "source_label": "future_new", "relationship_source": "factset_revere_relationship", "revenue_percent": "", "is_single_source": "False", "industry": "Technology", "top_segments": "['Technology']"}
{"context": "[目标公司画像]\n目标ID: 001274-E\n公司名: PG&E Corp.\n国家: US\nSIC: N/A\n行业: United States\n业务段: Business and Public Services, Energy\n决策年: 2016\n\n[候选供应商画像]\n供应商ID: 006TQM-E\n名称: Enel X North America, Inc.\n国家: US\nSIC: N/A\n行业: Energy\n业务段: ['Technology']\n单一来源: False\n财务指标: FF_SALES=50.104, FF_NET_MGN=-61.0709723774549, FF_DEBT_EQ=144.607178714859, FF_ROIC=-23.9590685383352, FF_CURR_RATIO=1.82767194481315, 货币=USD, 财报日期=2016-12-31 00:00:00\n关系信息: revenue_percent=N/A, relationship_start=2016-04-11 00:00:00, source=factset_revere_relationship, source_label=future_new", "question": "基于上述目标公司画像和供应商画像，判断在决策年是否应选择该供应商。请只回答 [[1]] 表示选择 或 [[0]] 表示不选择。", "answer": "1", "target_entity_id": "001274-E", "supplier_entity_id": "006TQM-E", "year": "2016", "target_info": {"target_entity_id": "001274-E", "entity_proper_name": "PG&E Corp.", "iso_country": "US", "primary_sic_name": "", "company_id": 8013, "industry": "United States", "top_segments": ["Business and Public Services", "Energy"], "cutoff_date": "2016-12-31", "decision_year": 2016, "self_profile": {"factset_entity_id": "001274-E", "company_id": 8013, "entity_proper_name": "PG&E Corp.", "iso_country": "US", "primary_sic_name": "", "cutoff_date": "2016-12-31", "industry": "United States", "top_segments": ["Business and Public Services", "Energy"]}, "metadata": {"extraction_date": "2025-10-03 05:01:20", "total_suppliers": 110, "historical_suppliers": 45, "future_new_suppliers": 20, "random_noise_suppliers": 45, "positive_samples": 48, "negative_samples": 62}}, "supplier_raw": {"factset_entity_id": "006TQM-E", "entity_proper_name": "Enel X North America, Inc.", "iso_country": "US", "primary_sic_name": "", "company_id": "1843409.0", "industry": "Energy", "top_segments": "['Technology']", "is_single_source": "False", "FF_SALES": "50.104", "FF_NET_MGN": "-61.0709723774549", "FF_DEBT_EQ": "144.607178714859", "FF_ROIC": "-23.9590685383352", "FF_CURR_RATIO": "1.82767194481315", "CURRENCY": "USD", "financial_date": "2016-12-31 00:00:00", "revenue_percent": "", "relationship_start": "2016-04-11 00:00:00", "relationship_source": "factset_revere_relationship", "source_label": "future_new", "ground_truth_label": "1"}, "source_label": "future_new", "relationship_source": "factset_revere_relationship", "revenue_percent": "", "is_single_source": "False", "industry": "Energy", "top_segments": "['Technology']"}
{"context": "[目标公司画像]\n目标ID: 001274-E\n公司名: PG&E Corp.\n国家: US\nSIC: N/A\n行业: United States\n业务段: Business and Public Services, Energy\n决策年: 2016\n\n[候选供应商画像]\n供应商ID: 0DXYGR-E\n名称: Landmark Infrastructure Partners LP\n国家: US\nSIC: N/A\n行业: Commercial\n业务段: ['Finance']\n单一来源: False\n财务指标: FF_SALES=11.498966, FF_NET_MGN=75.8329053238352, FF_DEBT_EQ=88.6764396252237, FF_ROIC=1.69045963879034, FF_CURR_RATIO=N/A, 货币=USD, 财报日期=2016-12-31 00:00:00\n关系信息: revenue_percent=N/A, relationship_start=N/A, source=N/A, source_label=future_new", "question": "基于上述目标公司画像和供应商画像，判断在决策年是否应选择该供应商。请只回答 [[1]] 表示选择 或 [[0]] 表示不选择。", "answer": "1", "target_entity_id": "001274-E", "supplier_entity_id": "0DXYGR-E", "year": "2016", "target_info": {"target_entity_id": "001274-E", "entity_proper_name": "PG&E Corp.", "iso_country": "US", "primary_sic_name": "", "company_id": 8013, "industry": "United States", "top_segments": ["Business and Public Services", "Energy"], "cutoff_date": "2016-12-31", "decision_year": 2016, "self_profile": {"factset_entity_id": "001274-E", "company_id": 8013, "entity_proper_name": "PG&E Corp.", "iso_country": "US", "primary_sic_name": "", "cutoff_date": "2016-12-31", "industry": "United States", "top_segments": ["Business and Public Services", "Energy"]}, "metadata": {"extraction_date": "2025-10-03 05:01:20", "total_suppliers": 110, "historical_suppliers": 45, "future_new_suppliers": 20, "random_noise_suppliers": 45, "positive_samples": 48, "negative_samples": 62}}, "supplier_raw": {"factset_entity_id": "0DXYGR-E", "entity_proper_name": "Landmark Infrastructure Partners LP", "iso_country": "US", "primary_sic_name": "", "company_id": "67861573.0", "industry": "Commercial", "top_segments": "['Finance']", "is_single_source": "False", "FF_SALES": "11.498966", "FF_NET_MGN": "75.8329053238352", "FF_DEBT_EQ": "88.6764396252237", "FF_ROIC": "1.69045963879034", "FF_CURR_RATIO": "", "CURRENCY": "USD", "financial_date": "2016-12-31 00:00:00", "revenue_percent": "", "relationship_start": "", "relationship_source": "", "source_label": "future_new", "ground_truth_label": "1"}, "source_label": "future_new", "relationship_source": "", "revenue_percent": "", "is_single_source": "False", "industry": "Commercial", "top_segments": "['Finance']"}
{"context": "[目标公司画像]\n目标ID: 001274-E\n公司名: PG&E Corp.\n国家: US\nSIC: N/A\n行业: United States\n业务段: Business and Public Services, Energy\n决策年: 2016\n\n[候选供应商画像]\n供应商ID: 003G1Q-E\n名称: Abengoa SA\n国家: ES\nSIC: N/A\n行业: Leather And Leather Products\n业务段: []\n单一来源: False\n财务指标: FF_SALES=503.25983904201, FF_NET_MGN=-419.057815845825, FF_DEBT_EQ=N/A, FF_ROIC=N/A, FF_CURR_RATIO=0.481475179924281, 货币=USD, 财报日期=2016-12-31 00:00:00\n关系信息: revenue_percent=N/A, relationship_start=N/A, source=N/A, source_label=future_new", "question": "基于上述目标公司画像和供应商画像，判断在决策年是否应选择该供应商。请只回答 [[1]] 表示选择 或 [[0]] 表示不选择。", "answer": "1", "target_entity_id": "001274-E", "supplier_entity_id": "003G1Q-E", "year": "2016", "target_info": {"target_entity_id": "001274-E", "entity_proper_name": "PG&E Corp.", "iso_country": "US", "primary_sic_name": "", "company_id": 8013, "industry": "United States", "top_segments": ["Business and Public Services", "Energy"], "cutoff_date": "2016-12-31", "decision_year": 2016, "self_profile": {"factset_entity_id": "001274-E", "company_id": 8013, "entity_proper_name": "PG&E Corp.", "iso_country": "US", "primary_sic_name": "", "cutoff_date": "2016-12-31", "industry": "United States", "top_segments": ["Business and Public Services", "Energy"]}, "metadata": {"extraction_date": "2025-10-03 05:01:20", "total_suppliers": 110, "historical_suppliers": 45, "future_new_suppliers": 20, "random_noise_suppliers": 45, "positive_samples": 48, "negative_samples": 62}}, "supplier_raw": {"factset_entity_id": "003G1Q-E", "entity_proper_name": "Abengoa SA", "iso_country": "ES", "primary_sic_name": "", "company_id": "1794178.0", "industry": "Leather And Leather Products", "top_segments": "[]", "is_single_source": "False", "FF_SALES": "503.25983904201", "FF_NET_MGN": "-419.057815845825", "FF_DEBT_EQ": "", "FF_ROIC": "", "FF_CURR_RATIO": "0.481475179924281", "CURRENCY": "USD", "financial_date": "2016-12-31 00:00:00", "revenue_percent": "", "relationship_start": "", "relationship_source": "", "source_label": "future_new", "ground_truth_label": "1"}, "source_label": "future_new", "relationship_source": "", "revenue_percent": "", "is_single_source": "False", "industry": "Leather And Leather Products", "top_segments": "[]"}
{"context": "[目标公司画像]\n目标ID: 001274-E\n公司名: PG&E Corp.\n国家: US\nSIC: N/A\n行业: United States\n业务段: Business and Public Services, Energy\n决策年: 2016\n\n[候选供应商画像]\n供应商ID: 003Y5N-E\n名称: Xplore Technologies Corp.\n国家: US\nSIC: N/A\n行业: Oil And Gas Extraction\n业务段: []\n单一来源: False\n财务指标: FF_SALES=24.499, FF_NET_MGN=0.893914037307645, FF_DEBT_EQ=17.1877634996121, FF_ROIC=-10.0044050707878, FF_CURR_RATIO=1.73009914332467, 货币=USD, 财报日期=2016-12-31 00:00:00\n关系信息: revenue_percent=N/A, relationship_start=N/A, source=N/A, source_label=future_new", "question": "基于上述目标公司画像和供应商画像，判断在决策年是否应选择该供应商。请只回答 [[1]] 表示选择 或 [[0]] 表示不选择。", "answer": "1", "target_entity_id": "001274-E", "supplier_entity_id": "003Y5N-E", "year": "2016", "target_info": {"target_entity_id": "001274-E", "entity_proper_name": "PG&E Corp.", "iso_country": "US", "primary_sic_name": "", "company_id": 8013, "industry": "United States", "top_segments": ["Business and Public Services", "Energy"], "cutoff_date": "2016-12-31", "decision_year": 2016, "self_profile": {"factset_entity_id": "001274-E", "company_id": 8013, "entity_proper_name": "PG&E Corp.", "iso_country": "US", "primary_sic_name": "", "cutoff_date": "2016-12-31", "industry": "United States", "top_segments": ["Business and Public Services", "Energy"]}, "metadata": {"extraction_date": "2025-10-03 05:01:20", "total_suppliers": 110, "historical_suppliers": 45, "future_new_suppliers": 20, "random_noise_suppliers": 45, "positive_samples": 48, "negative_samples": 62}}, "supplier_raw": {"factset_entity_id": "003Y5N-E", "entity_proper_name": "Xplore Technologies Corp.", "iso_country": "US", "primary_sic_name": "", "company_id": "32211588.0", "industry": "Oil And Gas Extraction", "top_segments": "[]", "is_single_source": "False", "FF_SALES": "24.499", "FF_NET_MGN": "0.893914037307645", "FF_DEBT_EQ": "17.1877634996121", "FF_ROIC": "-10.0044050707878", "FF_CURR_RATIO": "1.73009914332467", "CURRENCY": "USD", "financial_date": "2016-12-31 00:00:00", "revenue_percent": "", "relationship_start": "", "relationship_source": "", "source_label": "future_new", "ground_truth_label": "1"}, "source_label": "future_new", "relationship_source": "", "revenue_percent": "", "is_single_source": "False", "industry": "Oil And Gas Extraction", "top_segments": "[]"}
{"context": "[目标公司画像]\n目标ID: 001274-E\n公司名: PG&E Corp.\n国家: US\nSIC: N/A\n行业: United States\n业务段: Business and Public Services, Energy\n决策年: 2016\n\n[候选供应商画像]\n供应商ID: 002M71-E\n名称: Plug Power, Inc.\n国家: US\nSIC: N/A\n行业: Alternative Fuels\n业务段: ['Industrial and Materials', 'Business and Public Services', 'Unclassifiable']\n单一来源: False\n财务指标: FF_SALES=32.578, FF_NET_MGN=-58.9692430474553, FF_DEBT_EQ=72.1645021645022, FF_ROIC=-40.2001370610201, FF_CURR_RATIO=1.66854177634053, 货币=USD, 财报日期=2016-12-31 00:00:00\n关系信息: revenue_percent=N/A, relationship_start=2016-03-24 00:00:00, source=factset_revere_relationship, source_label=future_new", "question": "基于上述目标公司画像和供应商画像，判断在决策年是否应选择该供应商。请只回答 [[1]] 表示选择 或 [[0]] 表示不选择。", "answer": "1", "target_entity_id": "001274-E", "supplier_entity_id": "002M71-E", "year": "2016", "target_info": {"target_entity_id": "001274-E", "entity_proper_name": "PG&E Corp.", "iso_country": "US", "primary_sic_name": "", "company_id": 8013, "industry": "United States", "top_segments": ["Business and Public Services", "Energy"], "cutoff_date": "2016-12-31", "decision_year": 2016, "self_profile": {"factset_entity_id": "001274-E", "company_id": 8013, "entity_proper_name": "PG&E Corp.", "iso_country": "US", "primary_sic_name": "", "cutoff_date": "2016-12-31", "industry": "United States", "top_segments": ["Business and Public Services", "Energy"]}, "metadata": {"extraction_date": "2025-10-03 05:01:20", "total_suppliers": 110, "historical_suppliers": 45, "future_new_suppliers": 20, "random_noise_suppliers": 45, "positive_samples": 48, "negative_samples": 62}}, "supplier_raw": {"factset_entity_id": "002M71-E", "entity_proper_name": "Plug Power, Inc.", "iso_country": "US", "primary_sic_name": "", "company_id": "231070.0", "industry": "Alternative Fuels", "top_segments": "['Industrial and Materials', 'Business and Public Services', 'Unclassifiable']", "is_single_source": "False", "FF_SALES": "32.578", "FF_NET_MGN": "-58.9692430474553", "FF_DEBT_EQ": "72.1645021645022", "FF_ROIC": "-40.2001370610201", "FF_CURR_RATIO": "1.66854177634053", "CURRENCY": "USD", "financial_date": "2016-12-31 00:00:00", "revenue_percent": "", "relationship_start": "2016-03-24 00:00:00", "relationship_source": "factset_revere_relationship", "source_label": "future_new", "ground_truth_label": "1"}, "source_label": "future_new", "relationship_source": "factset_revere_relationship", "revenue_percent": "", "is_single_source": "False", "industry": "Alternative Fuels", "top_segments": "['Industrial and Materials', 'Business and Public Services', 'Unclassifiable']"}
{"context": "[目标公司画像]\n目标ID: 001274-E\n公司名: PG&E Corp.\n国家: US\nSIC: N/A\n行业: United States\n业务段: Business and Public Services, Energy\n决策年: 2016\n\n[候选供应商画像]\n供应商ID: 0Q0ZMH-E\n名称: Maruti Interior Products Ltd.\n国家: IN\nSIC: N/A\n行业: Mining And Quarrying Of Nonmetallic Minerals, Except Fuels\n业务段: []\n单一来源: False\n财务指标: FF_SALES=N/A, FF_NET_MGN=N/A, FF_DEBT_EQ=N/A, FF_ROIC=N/A, FF_CURR_RATIO=N/A, 货币=N/A, 财报日期=N/A\n关系信息: revenue_percent=N/A, relationship_start=N/A, source=N/A, source_label=random_noise", "question": "基于上述目标公司画像和供应商画像，判断在决策年是否应选择该供应商。请只回答 [[1]] 表示选择 或 [[0]] 表示不选择。", "answer": "0", "target_entity_id": "001274-E", "supplier_entity_id": "0Q0ZMH-E", "year": "2016", "target_info": {"target_entity_id": "001274-E", "entity_proper_name": "PG&E Corp.", "iso_country": "US", "primary_sic_name": "", "company_id": 8013, "industry": "United States", "top_segments": ["Business and Public Services", "Energy"], "cutoff_date": "2016-12-31", "decision_year": 2016, "self_profile": {"factset_entity_id": "001274-E", "company_id": 8013, "entity_proper_name": "PG&E Corp.", "iso_country": "US", "primary_sic_name": "", "cutoff_date": "2016-12-31", "industry": "United States", "top_segments": ["Business and Public Services", "Energy"]}, "metadata": {"extraction_date": "2025-10-03 05:01:20", "total_suppliers": 110, "historical_suppliers": 45, "future_new_suppliers": 20, "random_noise_suppliers": 45, "positive_samples": 48, "negative_samples": 62}}, "supplier_raw": {"factset_entity_id": "0Q0ZMH-E", "entity_proper_name": "Maruti Interior Products Ltd.", "iso_country": "IN", "primary_sic_name": "", "company_id": "196876489.0", "industry": "Mining And Quarrying Of Nonmetallic Minerals, Except Fuels", "top_segments": "[]", "is_single_source": "False", "FF_SALES": "", "FF_NET_MGN": "", "FF_DEBT_EQ": "", "FF_ROIC": "", "FF_CURR_RATIO": "", "CURRENCY": "", "financial_date": "", "revenue_percent": "", "relationship_start": "", "relationship_source": "", "source_label": "random_noise", "ground_truth_label": "0"}, "source_label": "random_noise", "relationship_source": "", "revenue_percent": "", "is_single_source": "False", "industry": "Mining And Quarrying Of Nonmetallic Minerals, Except Fuels", "top_segments": "[]"}
{"context": "[目标公司画像]\n目标ID: 001274-E\n公司名: PG&E Corp.\n国家: US\nSIC: N/A\n行业: United States\n业务段: Business and Public Services, Energy\n决策年: 2016\n\n[候选供应商画像]\n供应商ID: 0LBLTF-E\n名称: AlphaGen Intelligence Corp.\n国家: CA\nSIC: N/A\n行业: Consumer Content\n业务段: []\n单一来源: False\n财务指标: FF_SALES=N/A, FF_NET_MGN=N/A, FF_DEBT_EQ=N/A, FF_ROIC=N/A, FF_CURR_RATIO=N/A, 货币=N/A, 财报日期=N/A\n关系信息: revenue_percent=N/A, relationship_start=N/A, source=N/A, source_label=random_noise", "question": "基于上述目标公司画像和供应商画像，判断在决策年是否应选择该供应商。请只回答 [[1]] 表示选择 或 [[0]] 表示不选择。", "answer": "0", "target_entity_id": "001274-E", "supplier_entity_id": "0LBLTF-E", "year": "2016", "target_info": {"target_entity_id": "001274-E", "entity_proper_name": "PG&E Corp.", "iso_country": "US", "primary_sic_name": "", "company_id": 8013, "industry": "United States", "top_segments": ["Business and Public Services", "Energy"], "cutoff_date": "2016-12-31", "decision_year": 2016, "self_profile": {"factset_entity_id": "001274-E", "company_id": 8013, "entity_proper_name": "PG&E Corp.", "iso_country": "US", "primary_sic_name": "", "cutoff_date": "2016-12-31", "industry": "United States", "top_segments": ["Business and Public Services", "Energy"]}, "metadata": {"extraction_date": "2025-10-03 05:01:20", "total_suppliers": 110, "historical_suppliers": 45, "future_new_suppliers": 20, "random_noise_suppliers": 45, "positive_samples": 48, "negative_samples": 62}}, "supplier_raw": {"factset_entity_id": "0LBLTF-E", "entity_proper_name": "AlphaGen Intelligence Corp.", "iso_country": "CA", "primary_sic_name": "", "company_id": "145345414.0", "industry": "Consumer Content", "top_segments": "[]", "is_single_source": "False", "FF_SALES": "", "FF_NET_MGN": "", "FF_DEBT_EQ": "", "FF_ROIC": "", "FF_CURR_RATIO": "", "CURRENCY": "", "financial_date": "", "revenue_percent": "", "relationship_start": "", "relationship_source": "", "source_label": "random_noise", "ground_truth_label": "0"}, "source_label": "random_noise", "relationship_source": "", "revenue_percent": "", "is_single_source": "False", "industry": "Consumer Content", "top_segments": "[]"}
{"context": "[目标公司画像]\n目标ID: 001274-E\n公司名: PG&E Corp.\n国家: US\nSIC: N/A\n行业: United States\n业务段: Business and Public Services, Energy\n决策年: 2016\n\n[候选供应商画像]\n供应商ID: 08XVVR-E\n名称: Yugoslavia Commerce AD\n国家: RS\nSIC: N/A\n行业: Apparel and Footwear\n业务段: ['Consumer']\n单一来源: False\n财务指标: FF_SALES=N/A, FF_NET_MGN=N/A, FF_DEBT_EQ=N/A, FF_ROIC=N/A, FF_CURR_RATIO=N/A, 货币=N/A, 财报日期=N/A\n关系信息: revenue_percent=N/A, relationship_start=N/A, source=N/A, source_label=random_noise", "question": "基于上述目标公司画像和供应商画像，判断在决策年是否应选择该供应商。请只回答 [[1]] 表示选择 或 [[0]] 表示不选择。", "answer": "0", "target_entity_id": "001274-E", "supplier_entity_id": "08XVVR-E", "year": "2016", "target_info": {"target_entity_id": "001274-E", "entity_proper_name": "PG&E Corp.", "iso_country": "US", "primary_sic_name": "", "company_id": 8013, "industry": "United States", "top_segments": ["Business and Public Services", "Energy"], "cutoff_date": "2016-12-31", "decision_year": 2016, "self_profile": {"factset_entity_id": "001274-E", "company_id": 8013, "entity_proper_name": "PG&E Corp.", "iso_country": "US", "primary_sic_name": "", "cutoff_date": "2016-12-31", "industry": "United States", "top_segments": ["Business and Public Services", "Energy"]}, "metadata": {"extraction_date": "2025-10-03 05:01:20", "total_suppliers": 110, "historical_suppliers": 45, "future_new_suppliers": 20, "random_noise_suppliers": 45, "positive_samples": 48, "negative_samples": 62}}, "supplier_raw": {"factset_entity_id": "08XVVR-E", "entity_proper_name": "Yugoslavia Commerce AD", "iso_country": "RS", "primary_sic_name": "", "company_id": "22437054.0", "industry": "Apparel and Footwear", "top_segments": "['Consumer']", "is_single_source": "False", "FF_SALES": "", "FF_NET_MGN": "", "FF_DEBT_EQ": "", "FF_ROIC": "", "FF_CURR_RATIO": "", "CURRENCY": "", "financial_date": "", "revenue_percent": "", "relationship_start": "", "relationship_source": "", "source_label": "random_noise", "ground_truth_label": "0"}, "source_label": "random_noise", "relationship_source": "", "revenue_percent": "", "is_single_source": "False", "industry": "Apparel and Footwear", "top_segments": "['Consumer']"}
{"context": "[目标公司画像]\n目标ID: 001274-E\n公司名: PG&E Corp.\n国家: US\nSIC: N/A\n行业: United States\n业务段: Business and Public Services, Energy\n决策年: 2016\n\n[候选供应商画像]\n供应商ID: 09GNLS-E\n名称: Novosibirskenergosbyt JSC\n国家: RU\nSIC: N/A\n行业: Transportation Services\n业务段: []\n单一来源: False\n财务指标: FF_SALES=N/A, FF_NET_MGN=N/A, FF_DEBT_EQ=N/A, FF_ROIC=N/A, FF_CURR_RATIO=N/A, 货币=N/A, 财报日期=N/A\n关系信息: revenue_percent=N/A, relationship_start=N/A, source=N/A, source_label=random_noise", "question": "基于上述目标公司画像和供应商画像，判断在决策年是否应选择该供应商。请只回答 [[1]] 表示选择 或 [[0]] 表示不选择。", "answer": "0", "target_entity_id": "001274-E", "supplier_entity_id": "09GNLS-E", "year": "2016", "target_info": {"target_entity_id": "001274-E", "entity_proper_name": "PG&E Corp.", "iso_country": "US", "primary_sic_name": "", "company_id": 8013, "industry": "United States", "top_segments": ["Business and Public Services", "Energy"], "cutoff_date": "2016-12-31", "decision_year": 2016, "self_profile": {"factset_entity_id": "001274-E", "company_id": 8013, "entity_proper_name": "PG&E Corp.", "iso_country": "US", "primary_sic_name": "", "cutoff_date": "2016-12-31", "industry": "United States", "top_segments": ["Business and Public Services", "Energy"]}, "metadata": {"extraction_date": "2025-10-03 05:01:20", "total_suppliers": 110, "historical_suppliers": 45, "future_new_suppliers": 20, "random_noise_suppliers": 45, "positive_samples": 48, "negative_samples": 62}}, "supplier_raw": {"factset_entity_id": "09GNLS-E", "entity_proper_name": "Novosibirskenergosbyt JSC", "iso_country": "RU", "primary_sic_name": "", "company_id": "21997030.0", "industry": "Transportation Services", "top_segments": "[]", "is_single_source": "False", "FF_SALES": "", "FF_NET_MGN": "", "FF_DEBT_EQ": "", "FF_ROIC": "", "FF_CURR_RATIO": "", "CURRENCY": "", "financial_date": "", "revenue_percent": "", "relationship_start": "", "relationship_source": "", "source_label": "random_noise", "ground_truth_label": "0"}, "source_label": "random_noise", "relationship_source": "", "revenue_percent": "", "is_single_source": "False", "industry": "Transportation Services", "top_segments": "[]"}
{"context": "[目标公司画像]\n目标ID: 001274-E\n公司名: PG&E Corp.\n国家: US\nSIC: N/A\n行业: United States\n业务段: Business and Public Services, Energy\n决策年: 2016\n\n[候选供应商画像]\n供应商ID: 000XY7-E\n名称: TrustCo Bank Corp. NY\n国家: US\nSIC: N/A\n行业: Savings Institutions\n业务段: ['Finance']\n单一来源: False\n财务指标: FF_SALES=45.134, FF_NET_MGN=23.9243142641911, FF_DEBT_EQ=48.396758850529, FF_ROIC=10.0712060104303, FF_CURR_RATIO=0.32863417611334, 货币=USD, 财报日期=2016-12-31 00:00:00\n关系信息: revenue_percent=N/A, relationship_start=N/A, source=N/A, source_label=random_noise", "question": "基于上述目标公司画像和供应商画像，判断在决策年是否应选择该供应商。请只回答 [[1]] 表示选择 或 [[0]] 表示不选择。", "answer": "0", "target_entity_id": "001274-E", "supplier_entity_id": "000XY7-E", "year": "2016", "target_info": {"target_entity_id": "001274-E", "entity_proper_name": "PG&E Corp.", "iso_country": "US", "primary_sic_name": "", "company_id": 8013, "industry": "United States", "top_segments": ["Business and Public Services", "Energy"], "cutoff_date": "2016-12-31", "decision_year": 2016, "self_profile": {"factset_entity_id": "001274-E", "company_id": 8013, "entity_proper_name": "PG&E Corp.", "iso_country": "US", "primary_sic_name": "", "cutoff_date": "2016-12-31", "industry": "United States", "top_segments": ["Business and Public Services", "Energy"]}, "metadata": {"extraction_date": "2025-10-03 05:01:20", "total_suppliers": 110, "historical_suppliers": 45, "future_new_suppliers": 20, "random_noise_suppliers": 45, "positive_samples": 48, "negative_samples": 62}}, "supplier_raw": {"factset_entity_id": "000XY7-E", "entity_proper_name": "TrustCo Bank Corp. NY", "iso_country": "US", "primary_sic_name": "", "company_id": "10402.0", "industry": "Savings Institutions", "top_segments": "['Finance']", "is_single_source": "False", "FF_SALES": "45.134", "FF_NET_MGN": "23.9243142641911", "FF_DEBT_EQ": "48.396758850529", "FF_ROIC": "10.0712060104303", "FF_CURR_RATIO": "0.32863417611334", "CURRENCY": "USD", "financial_date": "2016-12-31 00:00:00", "revenue_percent": "", "relationship_start": "", "relationship_source": "", "source_label": "random_noise", "ground_truth_label": "0"}, "source_label": "random_noise", "relationship_source": "", "revenue_percent": "", "is_single_source": "False", "industry": "Savings Institutions", "top_segments": "['Finance']"}
{"context": "[目标公司画像]\n目标ID: 001274-E\n公司名: PG&E Corp.\n国家: US\nSIC: N/A\n行业: United States\n业务段: Business and Public Services, Energy\n决策年: 2016\n\n[候选供应商画像]\n供应商ID: 06YXJJ-E\n名称: Nippon Manufacturing Service Corp.\n国家: JP\nSIC: N/A\n行业: Administrative/Support Services\n业务段: ['Technology', 'Business and Public Services']\n单一来源: False\n财务指标: FF_SALES=N/A, FF_NET_MGN=N/A, FF_DEBT_EQ=N/A, FF_ROIC=N/A, FF_CURR_RATIO=N/A, 货币=N/A, 财报日期=N/A\n关系信息: revenue_percent=N/A, relationship_start=N/A, source=N/A, source_label=random_noise", "question": "基于上述目标公司画像和供应商画像，判断在决策年是否应选择该供应商。请只回答 [[1]] 表示选择 或 [[0]] 表示不选择。", "answer": "0", "target_entity_id": "001274-E", "supplier_entity_id": "06YXJJ-E", "year": "2016", "target_info": {"target_entity_id": "001274-E", "entity_proper_name": "PG&E Corp.", "iso_country": "US", "primary_sic_name": "", "company_id": 8013, "industry": "United States", "top_segments": ["Business and Public Services", "Energy"], "cutoff_date": "2016-12-31", "decision_year": 2016, "self_profile": {"factset_entity_id": "001274-E", "company_id": 8013, "entity_proper_name": "PG&E Corp.", "iso_country": "US", "primary_sic_name": "", "cutoff_date": "2016-12-31", "industry": "United States", "top_segments": ["Business and Public Services", "Energy"]}, "metadata": {"extraction_date": "2025-10-03 05:01:20", "total_suppliers": 110, "historical_suppliers": 45, "future_new_suppliers": 20, "random_noise_suppliers": 45, "positive_samples": 48, "negative_samples": 62}}, "supplier_raw": {"factset_entity_id": "06YXJJ-E", "entity_proper_name": "Nippon Manufacturing Service Corp.", "iso_country": "JP", "primary_sic_name": "", "company_id": "22450344.0", "industry": "Administrative/Support Services", "top_segments": "['Technology', 'Business and Public Services']", "is_single_source": "False", "FF_SALES": "", "FF_NET_MGN": "", "FF_DEBT_EQ": "", "FF_ROIC": "", "FF_CURR_RATIO": "", "CURRENCY": "", "financial_date": "", "revenue_percent": "", "relationship_start": "", "relationship_source": "", "source_label": "random_noise", "ground_truth_label": "0"}, "source_label": "random_noise", "relationship_source": "", "revenue_percent": "", "is_single_source": "False", "industry": "Administrative/Support Services", "top_segments": "['Technology', 'Business and Public Services']"}
{"context": "[目标公司画像]\n目标ID: 001274-E\n公司名: PG&E Corp.\n国家: US\nSIC: N/A\n行业: United States\n业务段: Business and Public Services, Energy\n决策年: 2016\n\n[候选供应商画像]\n供应商ID: 09L4GT-E\n名称: South Vietnam Container Shipping JSC\n国家: VN\nSIC: N/A\n行业: Finance\n业务段: ['Finance', 'Business and Public Services']\n单一来源: False\n财务指标: FF_SALES=N/A, FF_NET_MGN=N/A, FF_DEBT_EQ=N/A, FF_ROIC=N/A, FF_CURR_RATIO=N/A, 货币=N/A, 财报日期=N/A\n关系信息: revenue_percent=N/A, relationship_start=N/A, source=N/A, source_label=random_noise", "question": "基于上述目标公司画像和供应商画像，判断在决策年是否应选择该供应商。请只回答 [[1]] 表示选择 或 [[0]] 表示不选择。", "answer": "0", "target_entity_id": "001274-E", "supplier_entity_id": "09L4GT-E", "year": "2016", "target_info": {"target_entity_id": "001274-E", "entity_proper_name": "PG&E Corp.", "iso_country": "US", "primary_sic_name": "", "company_id": 8013, "industry": "United States", "top_segments": ["Business and Public Services", "Energy"], "cutoff_date": "2016-12-31", "decision_year": 2016, "self_profile": {"factset_entity_id": "001274-E", "company_id": 8013, "entity_proper_name": "PG&E Corp.", "iso_country": "US", "primary_sic_name": "", "cutoff_date": "2016-12-31", "industry": "United States", "top_segments": ["Business and Public Services", "Energy"]}, "metadata": {"extraction_date": "2025-10-03 05:01:20", "total_suppliers": 110, "historical_suppliers": 45, "future_new_suppliers": 20, "random_noise_suppliers": 45, "positive_samples": 48, "negative_samples": 62}}, "supplier_raw": {"factset_entity_id": "09L4GT-E", "entity_proper_name": "South Vietnam Container Shipping JSC", "iso_country": "VN", "primary_sic_name": "", "company_id": "22444660.0", "industry": "Finance", "top_segments": "['Finance', 'Business and Public Services']", "is_single_source": "False", "FF_SALES": "", "FF_NET_MGN": "", "FF_DEBT_EQ": "", "FF_ROIC": "", "FF_CURR_RATIO": "", "CURRENCY": "", "financial_date": "", "revenue_percent": "", "relationship_start": "", "relationship_source": "", "source_label": "random_noise", "ground_truth_label": "0"}, "source_label": "random_noise", "relationship_source": "", "revenue_percent": "", "is_single_source": "False", "industry": "Finance", "top_segments": "['Finance', 'Business and Public Services']"}
{"context": "[目标公司画像]\n目标ID: 000FFC-E\n公司名: CSX Corp.\n国家: US\nSIC: N/A\n行业: Rail Transportation\n业务段: Business and Public Services\n决策年: 2017\n\n[候选供应商画像]\n供应商ID: 08NH1K-E\n名称: Nantong Jianghai Capacitor Co., Ltd.\n国家: CN\nSIC: N/A\n行业: Industrial and Materials\n业务段: ['Industrial and Materials', 'Technology', 'Unclassifiable']\n单一来源: False\n财务指标: FF_SALES=508.23369899, FF_NET_MGN=8.44332146319253, FF_DEBT_EQ=6.72741141315324, FF_ROIC=6.23943133553455, FF_CURR_RATIO=4.60807382870414, 货币=CNY, 财报日期=2017-12-31 00:00:00\n关系信息: revenue_percent=N/A, relationship_start=2016-07-12 00:00:00, source=factset_revere_relationship, source_label=historical", "question": "基于上述目标公司画像和供应商画像，判断在决策年是否应选择该供应商。请只回答 [[1]] 表示选择 或 [[0]] 表示不选择。", "answer": "0", "target_entity_id": "000FFC-E", "supplier_entity_id": "08NH1K-E", "year": "2017", "target_info": {"target_entity_id": "000FFC-E", "entity_proper_name": "CSX Corp.", "iso_country": "US", "primary_sic_name": "", "company_id": 2880, "industry": "Rail Transportation", "top_segments": ["Business and Public Services"], "cutoff_date": "2017-12-31", "decision_year": 2017, "self_profile": {"factset_entity_id": "000FFC-E", "company_id": 2880, "entity_proper_name": "CSX Corp.", "iso_country": "US", "primary_sic_name": "", "cutoff_date": "2017-12-31", "industry": "Rail Transportation", "top_segments": ["Business and Public Services"]}, "metadata": {"extraction_date": "2025-10-03 04:26:50", "total_suppliers": 25, "historical_suppliers": 9, "future_new_suppliers": 7, "random_noise_suppliers": 9, "positive_samples": 14, "negative_samples": 11}}, "supplier_raw": {"factset_entity_id": "08NH1K-E", "entity_proper_name": "Nantong Jianghai Capacitor Co., Ltd.", "iso_country": "CN", "primary_sic_name": "", "company_id": "194514741.0", "industry": "Industrial and Materials", "top_segments": "['Industrial and Materials', 'Technology', 'Unclassifiable']", "is_single_source": "False", "FF_SALES": "508.23369899", "FF_NET_MGN": "8.44332146319253", "FF_DEBT_EQ": "6.72741141315324", "FF_ROIC": "6.23943133553455", "FF_CURR_RATIO": "4.60807382870414", "CURRENCY": "CNY", "financial_date": "2017-12-31 00:00:00", "revenue_percent": "", "relationship_start": "2016-07-12 00:00:00", "relationship_source": "factset_revere_relationship", "source_label": "historical", "ground_truth_label": "0"}, "source_label": "historical", "relationship_source": "factset_revere_relationship", "revenue_percent": "", "is_single_source": "False", "industry": "Industrial and Materials", "top_segments": "['Industrial and Materials', 'Technology', 'Unclassifiable']"}
{"context": "[目标公司画像]\n目标ID: 000FFC-E\n公司名: CSX Corp.\n国家: US\nSIC: N/A\n行业: Rail Transportation\n业务段: Business and Public Services\n决策年: 2017\n\n[候选供应商画像]\n供应商ID: 060T29-E\n名称: Koppers Holdings, Inc.\n国家: US\nSIC: N/A\n行业: Rail Equipment\n业务段: ['Business and Public Services', 'Industrial and Materials']\n单一来源: False\n财务指标: FF_SALES=366.1, FF_NET_MGN=-4.17918601475007, FF_DEBT_EQ=677.677677677678, FF_ROIC=4.22405876951332, FF_CURR_RATIO=1.80192034139403, 货币=USD, 财报日期=2017-12-31 00:00:00\n关系信息: revenue_percent=N/A, relationship_start=2016-03-15 00:00:00, source=factset_revere_relationship, source_label=historical", "question": "基于上述目标公司画像和供应商画像，判断在决策年是否应选择该供应商。请只回答 [[1]] 表示选择 或 [[0]] 表示不选择。", "answer": "1", "target_entity_id": "000FFC-E", "supplier_entity_id": "060T29-E", "year": "2017", "target_info": {"target_entity_id": "000FFC-E", "entity_proper_name": "CSX Corp.", "iso_country": "US", "primary_sic_name": "", "company_id": 2880, "industry": "Rail Transportation", "top_segments": ["Business and Public Services"], "cutoff_date": "2017-12-31", "decision_year": 2017, "self_profile": {"factset_entity_id": "000FFC-E", "company_id": 2880, "entity_proper_name": "CSX Corp.", "iso_country": "US", "primary_sic_name": "", "cutoff_date": "2017-12-31", "industry": "Rail Transportation", "top_segments": ["Business and Public Services"]}, "metadata": {"extraction_date": "2025-10-03 04:26:50", "total_suppliers": 25, "historical_suppliers": 9, "future_new_suppliers": 7, "random_noise_suppliers": 9, "positive_samples": 14, "negative_samples": 11}}, "supplier_raw": {"factset_entity_id": "060T29-E", "entity_proper_name": "Koppers Holdings, Inc.", "iso_country": "US", "primary_sic_name": "", "company_id": "1774302.0", "industry": "Rail Equipment", "top_segments": "['Business and Public Services', 'Industrial and Materials']", "is_single_source": "False", "FF_SALES": "366.1", "FF_NET_MGN": "-4.17918601475007", "FF_DEBT_EQ": "677.677677677678", "FF_ROIC": "4.22405876951332", "FF_CURR_RATIO": "1.80192034139403", "CURRENCY": "USD", "financial_date": "2017-12-31 00:00:00", "revenue_percent": "", "relationship_start": "2016-03-15 00:00:00", "relationship_source": "factset_revere_relationship", "source_label": "historical", "ground_truth_label": "1"}, "source_label": "historical", "relationship_source": "factset_revere_relationship", "revenue_percent": "", "is_single_source": "False", "industry": "Rail Equipment", "top_segments": "['Business and Public Services', 'Industrial and Materials']"}
{"context": "[目标公司画像]\n目标ID: 000FFC-E\n公司名: CSX Corp.\n国家: US\nSIC: N/A\n行业: Rail Transportation\n业务段: Business and Public Services\n决策年: 2017\n\n[候选供应商画像]\n供应商ID: 0010NQ-E\n名称: AspenTech Corp.\n国家: US\nSIC: N/A\n行业: Manufacturing\n业务段: ['Technology']\n单一来源: False\n财务指标: FF_SALES=124.902, FF_NET_MGN=30.486301260188, FF_DEBT_EQ=N/A, FF_ROIC=N/A, FF_CURR_RATIO=0.206168872656644, 货币=USD, 财报日期=2017-12-31 00:00:00\n关系信息: revenue_percent=N/A, relationship_start=2017-09-07 00:00:00, source=factset_revere_relationship, source_label=future_new", "question": "基于上述目标公司画像和供应商画像，判断在决策年是否应选择该供应商。请只回答 [[1]] 表示选择 或 [[0]] 表示不选择。", "answer": "1", "target_entity_id": "000FFC-E", "supplier_entity_id": "0010NQ-E", "year": "2017", "target_info": {"target_entity_id": "000FFC-E", "entity_proper_name": "CSX Corp.", "iso_country": "US", "primary_sic_name": "", "company_id": 2880, "industry": "Rail Transportation", "top_segments": ["Business and Public Services"], "cutoff_date": "2017-12-31", "decision_year": 2017, "self_profile": {"factset_entity_id": "000FFC-E", "company_id": 2880, "entity_proper_name": "CSX Corp.", "iso_country": "US", "primary_sic_name": "", "cutoff_date": "2017-12-31", "industry": "Rail Transportation", "top_segments": ["Business and Public Services"]}, "metadata": {"extraction_date": "2025-10-03 04:26:50", "total_suppliers": 25, "historical_suppliers": 9, "future_new_suppliers": 7, "random_noise_suppliers": 9, "positive_samples": 14, "negative_samples": 11}}, "supplier_raw": {"factset_entity_id": "0010NQ-E", "entity_proper_name": "AspenTech Corp.", "iso_country": "US", "primary_sic_name": "", "company_id": "943.0", "industry": "Manufacturing", "top_segments": "['Technology']", "is_single_source": "False", "FF_SALES": "124.902", "FF_NET_MGN": "30.486301260188", "FF_DEBT_EQ": "", "FF_ROIC": "", "FF_CURR_RATIO": "0.206168872656644", "CURRENCY": "USD", "financial_date": "2017-12-31 00:00:00", "revenue_percent": "", "relationship_start": "2017-09-07 00:00:00", "relationship_source": "factset_revere_relationship", "source_label": "future_new", "ground_truth_label": "1"}, "source_label": "future_new", "relationship_source": "factset_revere_relationship", "revenue_percent": "", "is_single_source": "False", "industry": "Manufacturing", "top_segments": "['Technology']"}
{"context": "[目标公司画像]\n目标ID: 000FFC-E\n公司名: CSX Corp.\n国家: US\nSIC: N/A\n行业: Rail Transportation\n业务段: Business and Public Services\n决策年: 2017\n\n[候选供应商画像]\n供应商ID: 00CJBZ-E\n名称: Thermon Group Holdings, Inc.\n国家: US\nSIC: N/A\n行业: Industrial Cooling and Heating Systems\n业务段: ['Industrial and Materials']\n单一来源: False\n财务指标: FF_SALES=92.66, FF_NET_MGN=0.646449384847831, FF_DEBT_EQ=72.8922279071597, FF_ROIC=1.94907409884483, FF_CURR_RATIO=4.27112243934674, 货币=USD, 财报日期=2017-12-31 00:00:00\n关系信息: revenue_percent=N/A, relationship_start=2017-10-23 00:00:00, source=factset_revere_relationship, source_label=future_new", "question": "基于上述目标公司画像和供应商画像，判断在决策年是否应选择该供应商。请只回答 [[1]] 表示选择 或 [[0]] 表示不选择。", "answer": "1", "target_entity_id": "000FFC-E", "supplier_entity_id": "00CJBZ-E", "year": "2017", "target_info": {"target_entity_id": "000FFC-E", "entity_proper_name": "CSX Corp.", "iso_country": "US", "primary_sic_name": "", "company_id": 2880, "industry": "Rail Transportation", "top_segments": ["Business and Public Services"], "cutoff_date": "2017-12-31", "decision_year": 2017, "self_profile": {"factset_entity_id": "000FFC-E", "company_id": 2880, "entity_proper_name": "CSX Corp.", "iso_country": "US", "primary_sic_name": "", "cutoff_date": "2017-12-31", "industry": "Rail Transportation", "top_segments": ["Business and Public Services"]}, "metadata": {"extraction_date": "2025-10-03 04:26:50", "total_suppliers": 25, "historical_suppliers": 9, "future_new_suppliers": 7, "random_noise_suppliers": 9, "positive_samples": 14, "negative_samples": 11}}, "supplier_raw": {"factset_entity_id": "00CJBZ-E", "entity_proper_name": "Thermon Group Holdings, Inc.", "iso_country": "US", "primary_sic_name": "", "company_id": "194527716.0", "industry": "Industrial Cooling and Heating Systems", "top_segments": "['Industrial and Materials']", "is_single_source": "False", "FF_SALES": "92.66", "FF_NET_MGN": "0.646449384847831", "FF_DEBT_EQ": "72.8922279071597", "FF_ROIC": "1.94907409884483", "FF_CURR_RATIO": "4.27112243934674", "CURRENCY": "USD", "financial_date": "2017-12-31 00:00:00", "revenue_percent": "", "relationship_start": "2017-10-23 00:00:00", "relationship_source": "factset_revere_relationship", "source_label": "future_new", "ground_truth_label": "1"}, "source_label": "future_new", "relationship_source": "factset_revere_relationship", "revenue_percent": "", "is_single_source": "False", "industry": "Industrial Cooling and Heating Systems", "top_segments": "['Industrial and Materials']"}
{"context": "[目标公司画像]\n目标ID: 000FFC-E\n公司名: CSX Corp.\n国家: US\nSIC: N/A\n行业: Rail Transportation\n业务段: Business and Public Services\n决策年: 2017\n\n[候选供应商画像]\n供应商ID: 0647CC-E\n名称: ORBCOMM, Inc.\n国家: US\nSIC: N/A\n行业: United States\n业务段: ['Technology', 'Business and Public Services']\n单一来源: False\n财务指标: FF_SALES=75.976, FF_NET_MGN=-9.89654627777193, FF_DEBT_EQ=100.339489463208, FF_ROIC=-13.2932191220714, FF_CURR_RATIO=2.08319115738513, 货币=USD, 财报日期=2017-12-31 00:00:00\n关系信息: revenue_percent=N/A, relationship_start=2017-03-30 00:00:00, source=factset_revere_relationship, source_label=future_new", "question": "基于上述目标公司画像和供应商画像，判断在决策年是否应选择该供应商。请只回答 [[1]] 表示选择 或 [[0]] 表示不选择。", "answer": "1", "target_entity_id": "000FFC-E", "supplier_entity_id": "0647CC-E", "year": "2017", "target_info": {"target_entity_id": "000FFC-E", "entity_proper_name": "CSX Corp.", "iso_country": "US", "primary_sic_name": "", "company_id": 2880, "industry": "Rail Transportation", "top_segments": ["Business and Public Services"], "cutoff_date": "2017-12-31", "decision_year": 2017, "self_profile": {"factset_entity_id": "000FFC-E", "company_id": 2880, "entity_proper_name": "CSX Corp.", "iso_country": "US", "primary_sic_name": "", "cutoff_date": "2017-12-31", "industry": "Rail Transportation", "top_segments": ["Business and Public Services"]}, "metadata": {"extraction_date": "2025-10-03 04:26:50", "total_suppliers": 25, "historical_suppliers": 9, "future_new_suppliers": 7, "random_noise_suppliers": 9, "positive_samples": 14, "negative_samples": 11}}, "supplier_raw": {"factset_entity_id": "0647CC-E", "entity_proper_name": "ORBCOMM, Inc.", "iso_country": "US", "primary_sic_name": "", "company_id": "1815681.0", "industry": "United States", "top_segments": "['Technology', 'Business and Public Services']", "is_single_source": "False", "FF_SALES": "75.976", "FF_NET_MGN": "-9.89654627777193", "FF_DEBT_EQ": "100.339489463208", "FF_ROIC": "-13.2932191220714", "FF_CURR_RATIO": "2.08319115738513", "CURRENCY": "USD", "financial_date": "2017-12-31 00:00:00", "revenue_percent": "", "relationship_start": "2017-03-30 00:00:00", "relationship_source": "factset_revere_relationship", "source_label": "future_new", "ground_truth_label": "1"}, "source_label": "future_new", "relationship_source": "factset_revere_relationship", "revenue_percent": "", "is_single_source": "False", "industry": "United States", "top_segments": "['Technology', 'Business and Public Services']"}
{"context": "[目标公司画像]\n目标ID: 000FFC-E\n公司名: CSX Corp.\n国家: US\nSIC: N/A\n行业: Rail Transportation\n业务段: Business and Public Services\n决策年: 2017\n\n[候选供应商画像]\n供应商ID: 003Y5N-E\n名称: Xplore Technologies Corp.\n国家: US\nSIC: N/A\n行业: Oil And Gas Extraction\n业务段: []\n单一来源: False\n财务指标: FF_SALES=23.853, FF_NET_MGN=1.26608812308724, FF_DEBT_EQ=46.7068993638884, FF_ROIC=1.49243831255945, FF_CURR_RATIO=1.47821500776466, 货币=USD, 财报日期=2017-12-31 00:00:00\n关系信息: revenue_percent=N/A, relationship_start=2016-10-06 00:00:00, source=factset_revere_relationship, source_label=historical", "question": "基于上述目标公司画像和供应商画像，判断在决策年是否应选择该供应商。请只回答 [[1]] 表示选择 或 [[0]] 表示不选择。", "answer": "1", "target_entity_id": "000FFC-E", "supplier_entity_id": "003Y5N-E", "year": "2017", "target_info": {"target_entity_id": "000FFC-E", "entity_proper_name": "CSX Corp.", "iso_country": "US", "primary_sic_name": "", "company_id": 2880, "industry": "Rail Transportation", "top_segments": ["Business and Public Services"], "cutoff_date": "2017-12-31", "decision_year": 2017, "self_profile": {"factset_entity_id": "000FFC-E", "company_id": 2880, "entity_proper_name": "CSX Corp.", "iso_country": "US", "primary_sic_name": "", "cutoff_date": "2017-12-31", "industry": "Rail Transportation", "top_segments": ["Business and Public Services"]}, "metadata": {"extraction_date": "2025-10-03 04:26:50", "total_suppliers": 25, "historical_suppliers": 9, "future_new_suppliers": 7, "random_noise_suppliers": 9, "positive_samples": 14, "negative_samples": 11}}, "supplier_raw": {"factset_entity_id": "003Y5N-E", "entity_proper_name": "Xplore Technologies Corp.", "iso_country": "US", "primary_sic_name": "", "company_id": "32211588.0", "industry": "Oil And Gas Extraction", "top_segments": "[]", "is_single_source": "False", "FF_SALES": "23.853", "FF_NET_MGN": "1.26608812308724", "FF_DEBT_EQ": "46.7068993638884", "FF_ROIC": "1.49243831255945", "FF_CURR_RATIO": "1.47821500776466", "CURRENCY": "USD", "financial_date": "2017-12-31 00:00:00", "revenue_percent": "", "relationship_start": "2016-10-06 00:00:00", "relationship_source": "factset_revere_relationship", "source_label": "historical", "ground_truth_label": "1"}, "source_label": "historical", "relationship_source": "factset_revere_relationship", "revenue_percent": "", "is_single_source": "False", "industry": "Oil And Gas Extraction", "top_segments": "[]"}
{"context": "[目标公司画像]\n目标ID: 000FFC-E\n公司名: CSX Corp.\n国家: US\nSIC: N/A\n行业: Rail Transportation\n业务段: Business and Public Services\n决策年: 2017\n\n[候选供应商画像]\n供应商ID: 05J00N-E\n名称: Mersen SA\n国家: FR\nSIC: N/A\n行业: Commercial/Industrial Electric Products\n业务段: ['Industrial and Materials']\n单一来源: False\n财务指标: FF_SALES=293.291120909149, FF_NET_MGN=N/A, FF_DEBT_EQ=N/A, FF_ROIC=N/A, FF_CURR_RATIO=N/A, 货币=USD, 财报日期=2011-09-30 00:00:00\n关系信息: revenue_percent=N/A, relationship_start=N/A, source=N/A, source_label=future_new", "question": "基于上述目标公司画像和供应商画像，判断在决策年是否应选择该供应商。请只回答 [[1]] 表示选择 或 [[0]] 表示不选择。", "answer": "1", "target_entity_id": "000FFC-E", "supplier_entity_id": "05J00N-E", "year": "2017", "target_info": {"target_entity_id": "000FFC-E", "entity_proper_name": "CSX Corp.", "iso_country": "US", "primary_sic_name": "", "company_id": 2880, "industry": "Rail Transportation", "top_segments": ["Business and Public Services"], "cutoff_date": "2017-12-31", "decision_year": 2017, "self_profile": {"factset_entity_id": "000FFC-E", "company_id": 2880, "entity_proper_name": "CSX Corp.", "iso_country": "US", "primary_sic_name": "", "cutoff_date": "2017-12-31", "industry": "Rail Transportation", "top_segments": ["Business and Public Services"]}, "metadata": {"extraction_date": "2025-10-03 04:26:50", "total_suppliers": 25, "historical_suppliers": 9, "future_new_suppliers": 7, "random_noise_suppliers": 9, "positive_samples": 14, "negative_samples": 11}}, "supplier_raw": {"factset_entity_id": "05J00N-E", "entity_proper_name": "Mersen SA", "iso_country": "FR", "primary_sic_name": "", "company_id": "220604.0", "industry": "Commercial/Industrial Electric Products", "top_segments": "['Industrial and Materials']", "is_single_source": "False", "FF_SALES": "293.291120909149", "FF_NET_MGN": "", "FF_DEBT_EQ": "", "FF_ROIC": "", "FF_CURR_RATIO": "", "CURRENCY": "USD", "financial_date": "2011-09-30 00:00:00", "revenue_percent": "", "relationship_start": "", "relationship_source": "", "source_label": "future_new", "ground_truth_label": "1"}, "source_label": "future_new", "relationship_source": "", "revenue_percent": "", "is_single_source": "False", "industry": "Commercial/Industrial Electric Products", "top_segments": "['Industrial and Materials']"}
{"context": "[目标公司画像]\n目标ID: 000FFC-E\n公司名: CSX Corp.\n国家: US\nSIC: N/A\n行业: Rail Transportation\n业务段: Business and Public Services\n决策年: 2017\n\n[候选供应商画像]\n供应商ID: 05HZJ9-E\n名称: Konecranes Oyj\n国家: FI\nSIC: N/A\n行业: Coal Mining\n业务段: []\n单一来源: False\n财务指标: FF_SALES=1071.38028615457, FF_NET_MGN=2.48351648351647, FF_DEBT_EQ=60.3627973585806, FF_ROIC=17.7607716711844, FF_CURR_RATIO=1.26192217076936, 货币=USD, 财报日期=2017-12-31 00:00:00\n关系信息: revenue_percent=N/A, relationship_start=2016-04-08 00:00:00, source=factset_revere_relationship, source_label=historical", "question": "基于上述目标公司画像和供应商画像，判断在决策年是否应选择该供应商。请只回答 [[1]] 表示选择 或 [[0]] 表示不选择。", "answer": "1", "target_entity_id": "000FFC-E", "supplier_entity_id": "05HZJ9-E", "year": "2017", "target_info": {"target_entity_id": "000FFC-E", "entity_proper_name": "CSX Corp.", "iso_country": "US", "primary_sic_name": "", "company_id": 2880, "industry": "Rail Transportation", "top_segments": ["Business and Public Services"], "cutoff_date": "2017-12-31", "decision_year": 2017, "self_profile": {"factset_entity_id": "000FFC-E", "company_id": 2880, "entity_proper_name": "CSX Corp.", "iso_country": "US", "primary_sic_name": "", "cutoff_date": "2017-12-31", "industry": "Rail Transportation", "top_segments": ["Business and Public Services"]}, "metadata": {"extraction_date": "2025-10-03 04:26:50", "total_suppliers": 25, "historical_suppliers": 9, "future_new_suppliers": 7, "random_noise_suppliers": 9, "positive_samples": 14, "negative_samples": 11}}, "supplier_raw": {"factset_entity_id": "05HZJ9-E", "entity_proper_name": "Konecranes Oyj", "iso_country": "FI", "primary_sic_name": "", "company_id": "22434531.0", "industry": "Coal Mining", "top_segments": "[]", "is_single_source": "False", "FF_SALES": "1071.38028615457", "FF_NET_MGN": "2.48351648351647", "FF_DEBT_EQ": "60.3627973585806", "FF_ROIC": "17.7607716711844", "FF_CURR_RATIO": "1.26192217076936", "CURRENCY": "USD", "financial_date": "2017-12-31 00:00:00", "revenue_percent": "", "relationship_start": "2016-04-08 00:00:00", "relationship_source": "factset_revere_relationship", "source_label": "historical", "ground_truth_label": "1"}, "source_label": "historical", "relationship_source": "factset_revere_relationship", "revenue_percent": "", "is_single_source": "False", "industry": "Coal Mining", "top_segments": "[]"}
{"context": "[目标公司画像]\n目标ID: 000FFC-E\n公司名: CSX Corp.\n国家: US\nSIC: N/A\n行业: Rail Transportation\n业务段: Business and Public Services\n决策年: 2017\n\n[候选供应商画像]\n供应商ID: 0013CH-E\n名称: Westinghouse Air Brake Technologies Corp.\n国家: US\nSIC: N/A\n行业: Commercial Transportation Equipment\n业务段: ['Industrial and Materials']\n单一来源: False\n财务指标: FF_SALES=1075.538, FF_NET_MGN=4.59704817495988, FF_DEBT_EQ=66.5936597946219, FF_ROIC=6.09493071537818, FF_CURR_RATIO=1.43969351629982, 货币=USD, 财报日期=2017-12-31 00:00:00\n关系信息: revenue_percent=N/A, relationship_start=2014-02-28 00:00:00, source=factset_revere_relationship, source_label=historical", "question": "基于上述目标公司画像和供应商画像，判断在决策年是否应选择该供应商。请只回答 [[1]] 表示选择 或 [[0]] 表示不选择。", "answer": "1", "target_entity_id": "000FFC-E", "supplier_entity_id": "0013CH-E", "year": "2017", "target_info": {"target_entity_id": "000FFC-E", "entity_proper_name": "CSX Corp.", "iso_country": "US", "primary_sic_name": "", "company_id": 2880, "industry": "Rail Transportation", "top_segments": ["Business and Public Services"], "cutoff_date": "2017-12-31", "decision_year": 2017, "self_profile": {"factset_entity_id": "000FFC-E", "company_id": 2880, "entity_proper_name": "CSX Corp.", "iso_country": "US", "primary_sic_name": "", "cutoff_date": "2017-12-31", "industry": "Rail Transportation", "top_segments": ["Business and Public Services"]}, "metadata": {"extraction_date": "2025-10-03 04:26:50", "total_suppliers": 25, "historical_suppliers": 9, "future_new_suppliers": 7, "random_noise_suppliers": 9, "positive_samples": 14, "negative_samples": 11}}, "supplier_raw": {"factset_entity_id": "0013CH-E", "entity_proper_name": "Westinghouse Air Brake Technologies Corp.", "iso_country": "US", "primary_sic_name": "", "company_id": "11107.0", "industry": "Commercial Transportation Equipment", "top_segments": "['Industrial and Materials']", "is_single_source": "False", "FF_SALES": "1075.538", "FF_NET_MGN": "4.59704817495988", "FF_DEBT_EQ": "66.5936597946219", "FF_ROIC": "6.09493071537818", "FF_CURR_RATIO": "1.43969351629982", "CURRENCY": "USD", "financial_date": "2017-12-31 00:00:00", "revenue_percent": "", "relationship_start": "2014-02-28 00:00:00", "relationship_source": "factset_revere_relationship", "source_label": "historical", "ground_truth_label": "1"}, "source_label": "historical", "relationship_source": "factset_revere_relationship", "revenue_percent": "", "is_single_source": "False", "industry": "Commercial Transportation Equipment", "top_segments": "['Industrial and Materials']"}
{"context": "[目标公司画像]\n目标ID: 000FFC-E\n公司名: CSX Corp.\n国家: US\nSIC: N/A\n行业: Rail Transportation\n业务段: Business and Public Services\n决策年: 2017\n\n[候选供应商画像]\n供应商ID: 006S45-E\n名称: FreightCar America, Inc.\n国家: US\nSIC: N/A\n行业: Industrial Manufacturing\n业务段: ['Industrial and Materials', 'Finance']\n单一来源: False\n财务指标: FF_SALES=79.241, FF_NET_MGN=-14.0558549235875, FF_DEBT_EQ=0.0, FF_ROIC=-9.23449695689722, FF_CURR_RATIO=4.95937197708163, 货币=USD, 财报日期=2017-12-31 00:00:00\n关系信息: revenue_percent=N/A, relationship_start=2017-03-13 00:00:00, source=factset_revere_relationship, source_label=historical", "question": "基于上述目标公司画像和供应商画像，判断在决策年是否应选择该供应商。请只回答 [[1]] 表示选择 或 [[0]] 表示不选择。", "answer": "1", "target_entity_id": "000FFC-E", "supplier_entity_id": "006S45-E", "year": "2017", "target_info": {"target_entity_id": "000FFC-E", "entity_proper_name": "CSX Corp.", "iso_country": "US", "primary_sic_name": "", "company_id": 2880, "industry": "Rail Transportation", "top_segments": ["Business and Public Services"], "cutoff_date": "2017-12-31", "decision_year": 2017, "self_profile": {"factset_entity_id": "000FFC-E", "company_id": 2880, "entity_proper_name": "CSX Corp.", "iso_country": "US", "primary_sic_name": "", "cutoff_date": "2017-12-31", "industry": "Rail Transportation", "top_segments": ["Business and Public Services"]}, "metadata": {"extraction_date": "2025-10-03 04:26:50", "total_suppliers": 25, "historical_suppliers": 9, "future_new_suppliers": 7, "random_noise_suppliers": 9, "positive_samples": 14, "negative_samples": 11}}, "supplier_raw": {"factset_entity_id": "006S45-E", "entity_proper_name": "FreightCar America, Inc.", "iso_country": "US", "primary_sic_name": "", "company_id": "1725233.0", "industry": "Industrial Manufacturing", "top_segments": "['Industrial and Materials', 'Finance']", "is_single_source": "False", "FF_SALES": "79.241", "FF_NET_MGN": "-14.0558549235875", "FF_DEBT_EQ": "0.0", "FF_ROIC": "-9.23449695689722", "FF_CURR_RATIO": "4.95937197708163", "CURRENCY": "USD", "financial_date": "2017-12-31 00:00:00", "revenue_percent": "", "relationship_start": "2017-03-13 00:00:00", "relationship_source": "factset_revere_relationship", "source_label": "historical", "ground_truth_label": "1"}, "source_label": "historical", "relationship_source": "factset_revere_relationship", "revenue_percent": "", "is_single_source": "False", "industry": "Industrial Manufacturing", "top_segments": "['Industrial and Materials', 'Finance']"}
{"context": "[目标公司画像]\n目标ID: 000FFC-E\n公司名: CSX Corp.\n国家: US\nSIC: N/A\n行业: Rail Transportation\n业务段: Business and Public Services\n决策年: 2017\n\n[候选供应商画像]\n供应商ID: 000N2G-E\n名称: Waterman Logistics, Inc.\n国家: US\nSIC: N/A\n行业: Dry Bulk\n业务段: ['Business and Public Services']\n单一来源: False\n财务指标: FF_SALES=53.801, FF_NET_MGN=-15.7134625750451, FF_DEBT_EQ=145.322922789889, FF_ROIC=-67.3718888202051, FF_CURR_RATIO=0.332125583605916, 货币=USD, 财报日期=2016-03-31 00:00:00\n关系信息: revenue_percent=N/A, relationship_start=2013-05-30 00:00:00, source=factset_revere_relationship, source_label=historical", "question": "基于上述目标公司画像和供应商画像，判断在决策年是否应选择该供应商。请只回答 [[1]] 表示选择 或 [[0]] 表示不选择。", "answer": "1", "target_entity_id": "000FFC-E", "supplier_entity_id": "000N2G-E", "year": "2017", "target_info": {"target_entity_id": "000FFC-E", "entity_proper_name": "CSX Corp.", "iso_country": "US", "primary_sic_name": "", "company_id": 2880, "industry": "Rail Transportation", "top_segments": ["Business and Public Services"], "cutoff_date": "2017-12-31", "decision_year": 2017, "self_profile": {"factset_entity_id": "000FFC-E", "company_id": 2880, "entity_proper_name": "CSX Corp.", "iso_country": "US", "primary_sic_name": "", "cutoff_date": "2017-12-31", "industry": "Rail Transportation", "top_segments": ["Business and Public Services"]}, "metadata": {"extraction_date": "2025-10-03 04:26:50", "total_suppliers": 25, "historical_suppliers": 9, "future_new_suppliers": 7, "random_noise_suppliers": 9, "positive_samples": 14, "negative_samples": 11}}, "supplier_raw": {"factset_entity_id": "000N2G-E", "entity_proper_name": "Waterman Logistics, Inc.", "iso_country": "US", "primary_sic_name": "", "company_id": "5436.0", "industry": "Dry Bulk", "top_segments": "['Business and Public Services']", "is_single_source": "False", "FF_SALES": "53.801", "FF_NET_MGN": "-15.7134625750451", "FF_DEBT_EQ": "145.322922789889", "FF_ROIC": "-67.3718888202051", "FF_CURR_RATIO": "0.332125583605916", "CURRENCY": "USD", "financial_date": "2016-03-31 00:00:00", "revenue_percent": "", "relationship_start": "2013-05-30 00:00:00", "relationship_source": "factset_revere_relationship", "source_label": "historical", "ground_truth_label": "1"}, "source_label": "historical", "relationship_source": "factset_revere_relationship", "revenue_percent": "", "is_single_source": "False", "industry": "Dry Bulk", "top_segments": "['Business and Public Services']"}
{"context": "[目标公司画像]\n目标ID: 000FFC-E\n公司名: CSX Corp.\n国家: US\nSIC: N/A\n行业: Rail Transportation\n业务段: Business and Public Services\n决策年: 2017\n\n[候选供应商画像]\n供应商ID: 05J1H4-E\n名称: Arcadis NV\n国家: NL\nSIC: N/A\n行业: Waste Management Services\n业务段: ['Business and Public Services']\n单一来源: False\n财务指标: FF_SALES=11398.6475802491, FF_NET_MGN=4.51151213441193, FF_DEBT_EQ=60.1602542543889, FF_ROIC=10.65822390695, FF_CURR_RATIO=1.40999762400931, 货币=MXN, 财报日期=2013-12-31 00:00:00\n关系信息: revenue_percent=N/A, relationship_start=2017-04-25 00:00:00, source=factset_revere_relationship, source_label=future_new", "question": "基于上述目标公司画像和供应商画像，判断在决策年是否应选择该供应商。请只回答 [[1]] 表示选择 或 [[0]] 表示不选择。", "answer": "1", "target_entity_id": "000FFC-E", "supplier_entity_id": "05J1H4-E", "year": "2017", "target_info": {"target_entity_id": "000FFC-E", "entity_proper_name": "CSX Corp.", "iso_country": "US", "primary_sic_name": "", "company_id": 2880, "industry": "Rail Transportation", "top_segments": ["Business and Public Services"], "cutoff_date": "2017-12-31", "decision_year": 2017, "self_profile": {"factset_entity_id": "000FFC-E", "company_id": 2880, "entity_proper_name": "CSX Corp.", "iso_country": "US", "primary_sic_name": "", "cutoff_date": "2017-12-31", "industry": "Rail Transportation", "top_segments": ["Business and Public Services"]}, "metadata": {"extraction_date": "2025-10-03 04:26:50", "total_suppliers": 25, "historical_suppliers": 9, "future_new_suppliers": 7, "random_noise_suppliers": 9, "positive_samples": 14, "negative_samples": 11}}, "supplier_raw": {"factset_entity_id": "05J1H4-E", "entity_proper_name": "Arcadis NV", "iso_country": "NL", "primary_sic_name": "", "company_id": "839.0", "industry": "Waste Management Services", "top_segments": "['Business and Public Services']", "is_single_source": "False", "FF_SALES": "11398.6475802491", "FF_NET_MGN": "4.51151213441193", "FF_DEBT_EQ": "60.1602542543889", "FF_ROIC": "10.65822390695", "FF_CURR_RATIO": "1.40999762400931", "CURRENCY": "MXN", "financial_date": "2013-12-31 00:00:00", "revenue_percent": "", "relationship_start": "2017-04-25 00:00:00", "relationship_source": "factset_revere_relationship", "source_label": "future_new", "ground_truth_label": "1"}, "source_label": "future_new", "relationship_source": "factset_revere_relationship", "revenue_percent": "", "is_single_source": "False", "industry": "Waste Management Services", "top_segments": "['Business and Public Services']"}
{"context": "[目标公司画像]\n目标ID: 000FFC-E\n公司名: CSX Corp.\n国家: US\nSIC: N/A\n行业: Rail Transportation\n业务段: Business and Public Services\n决策年: 2017\n\n[候选供应商画像]\n供应商ID: 002M71-E\n名称: Plug Power, Inc.\n国家: US\nSIC: N/A\n行业: Alternative Fuels\n业务段: ['Business and Public Services', 'Unclassifiable', 'Industrial and Materials']\n单一来源: False\n财务指标: FF_SALES=31.873, FF_NET_MGN=-60.9889247952813, FF_DEBT_EQ=139.476834106651, FF_ROIC=-94.0981336611119, FF_CURR_RATIO=1.03358076753571, 货币=USD, 财报日期=2017-12-31 00:00:00\n关系信息: revenue_percent=N/A, relationship_start=2016-03-24 00:00:00, source=factset_revere_relationship, source_label=historical", "question": "基于上述目标公司画像和供应商画像，判断在决策年是否应选择该供应商。请只回答 [[1]] 表示选择 或 [[0]] 表示不选择。", "answer": "1", "target_entity_id": "000FFC-E", "supplier_entity_id": "002M71-E", "year": "2017", "target_info": {"target_entity_id": "000FFC-E", "entity_proper_name": "CSX Corp.", "iso_country": "US", "primary_sic_name": "", "company_id": 2880, "industry": "Rail Transportation", "top_segments": ["Business and Public Services"], "cutoff_date": "2017-12-31", "decision_year": 2017, "self_profile": {"factset_entity_id": "000FFC-E", "company_id": 2880, "entity_proper_name": "CSX Corp.", "iso_country": "US", "primary_sic_name": "", "cutoff_date": "2017-12-31", "industry": "Rail Transportation", "top_segments": ["Business and Public Services"]}, "metadata": {"extraction_date": "2025-10-03 04:26:50", "total_suppliers": 25, "historical_suppliers": 9, "future_new_suppliers": 7, "random_noise_suppliers": 9, "positive_samples": 14, "negative_samples": 11}}, "supplier_raw": {"factset_entity_id": "002M71-E", "entity_proper_name": "Plug Power, Inc.", "iso_country": "US", "primary_sic_name": "", "company_id": "231070.0", "industry": "Alternative Fuels", "top_segments": "['Business and Public Services', 'Unclassifiable', 'Industrial and Materials']", "is_single_source": "False", "FF_SALES": "31.873", "FF_NET_MGN": "-60.9889247952813", "FF_DEBT_EQ": "139.476834106651", "FF_ROIC": "-94.0981336611119", "FF_CURR_RATIO": "1.03358076753571", "CURRENCY": "USD", "financial_date": "2017-12-31 00:00:00", "revenue_percent": "", "relationship_start": "2016-03-24 00:00:00", "relationship_source": "factset_revere_relationship", "source_label": "historical", "ground_truth_label": "1"}, "source_label": "historical", "relationship_source": "factset_revere_relationship", "revenue_percent": "", "is_single_source": "False", "industry": "Alternative Fuels", "top_segments": "['Business and Public Services', 'Unclassifiable', 'Industrial and Materials']"}
{"context": "[目标公司画像]\n目标ID: 000FFC-E\n公司名: CSX Corp.\n国家: US\nSIC: N/A\n行业: Rail Transportation\n业务段: Business and Public Services\n决策年: 2017\n\n[候选供应商画像]\n供应商ID: 06S1MZ-E\n名称: Nasdaq, Inc.\n国家: US\nSIC: N/A\n行业: Securities Sales and Trading\n业务段: ['Technology', 'Consumer', 'Unclassifiable', 'Finance']\n单一来源: False\n财务指标: FF_SALES=1024.0, FF_NET_MGN=24.0234375, FF_DEBT_EQ=71.4625445897741, FF_ROIC=7.86185445379954, FF_CURR_RATIO=N/A, 货币=USD, 财报日期=2017-12-31 00:00:00\n关系信息: revenue_percent=N/A, relationship_start=2016-07-12 00:00:00, source=factset_revere_relationship, source_label=historical", "question": "基于上述目标公司画像和供应商画像，判断在决策年是否应选择该供应商。请只回答 [[1]] 表示选择 或 [[0]] 表示不选择。", "answer": "0", "target_entity_id": "000FFC-E", "supplier_entity_id": "06S1MZ-E", "year": "2017", "target_info": {"target_entity_id": "000FFC-E", "entity_proper_name": "CSX Corp.", "iso_country": "US", "primary_sic_name": "", "company_id": 2880, "industry": "Rail Transportation", "top_segments": ["Business and Public Services"], "cutoff_date": "2017-12-31", "decision_year": 2017, "self_profile": {"factset_entity_id": "000FFC-E", "company_id": 2880, "entity_proper_name": "CSX Corp.", "iso_country": "US", "primary_sic_name": "", "cutoff_date": "2017-12-31", "industry": "Rail Transportation", "top_segments": ["Business and Public Services"]}, "metadata": {"extraction_date": "2025-10-03 04:26:50", "total_suppliers": 25, "historical_suppliers": 9, "future_new_suppliers": 7, "random_noise_suppliers": 9, "positive_samples": 14, "negative_samples": 11}}, "supplier_raw": {"factset_entity_id": "06S1MZ-E", "entity_proper_name": "Nasdaq, Inc.", "iso_country": "US", "primary_sic_name": "", "company_id": "18750.0", "industry": "Securities Sales and Trading", "top_segments": "['Technology', 'Consumer', 'Unclassifiable', 'Finance']", "is_single_source": "False", "FF_SALES": "1024.0", "FF_NET_MGN": "24.0234375", "FF_DEBT_EQ": "71.4625445897741", "FF_ROIC": "7.86185445379954", "FF_CURR_RATIO": "", "CURRENCY": "USD", "financial_date": "2017-12-31 00:00:00", "revenue_percent": "", "relationship_start": "2016-07-12 00:00:00", "relationship_source": "factset_revere_relationship", "source_label": "historical", "ground_truth_label": "0"}, "source_label": "historical", "relationship_source": "factset_revere_relationship", "revenue_percent": "", "is_single_source": "False", "industry": "Securities Sales and Trading", "top_segments": "['Technology', 'Consumer', 'Unclassifiable', 'Finance']"}
{"context": "[目标公司画像]\n目标ID: 000FFC-E\n公司名: CSX Corp.\n国家: US\nSIC: N/A\n行业: Rail Transportation\n业务段: Business and Public Services\n决策年: 2017\n\n[候选供应商画像]\n供应商ID: 05L18Z-E\n名称: Institute of Chartered Accountants in England & Wales\n国家: GB\nSIC: N/A\n行业: Stone, Clay, Glass, And Concrete Products\n业务段: []\n单一来源: False\n财务指标: FF_SALES=N/A, FF_NET_MGN=N/A, FF_DEBT_EQ=N/A, FF_ROIC=N/A, FF_CURR_RATIO=N/A, 货币=N/A, 财报日期=N/A\n关系信息: revenue_percent=N/A, relationship_start=N/A, source=N/A, source_label=random_noise", "question": "基于上述目标公司画像和供应商画像，判断在决策年是否应选择该供应商。请只回答 [[1]] 表示选择 或 [[0]] 表示不选择。", "answer": "0", "target_entity_id": "000FFC-E", "supplier_entity_id": "05L18Z-E", "year": "2017", "target_info": {"target_entity_id": "000FFC-E", "entity_proper_name": "CSX Corp.", "iso_country": "US", "primary_sic_name": "", "company_id": 2880, "industry": "Rail Transportation", "top_segments": ["Business and Public Services"], "cutoff_date": "2017-12-31", "decision_year": 2017, "self_profile": {"factset_entity_id": "000FFC-E", "company_id": 2880, "entity_proper_name": "CSX Corp.", "iso_country": "US", "primary_sic_name": "", "cutoff_date": "2017-12-31", "industry": "Rail Transportation", "top_segments": ["Business and Public Services"]}, "metadata": {"extraction_date": "2025-10-03 04:26:50", "total_suppliers": 25, "historical_suppliers": 9, "future_new_suppliers": 7, "random_noise_suppliers": 9, "positive_samples": 14, "negative_samples": 11}}, "supplier_raw": {"factset_entity_id": "05L18Z-E", "entity_proper_name": "Institute of Chartered Accountants in England & Wales", "iso_country": "GB", "primary_sic_name": "", "company_id": "25794236.0", "industry": "Stone, Clay, Glass, And Concrete Products", "top_segments": "[]", "is_single_source": "False", "FF_SALES": "", "FF_NET_MGN": "", "FF_DEBT_EQ": "", "FF_ROIC": "", "FF_CURR_RATIO": "", "CURRENCY": "", "financial_date": "", "revenue_percent": "", "relationship_start": "", "relationship_source": "", "source_label": "random_noise", "ground_truth_label": "0"}, "source_label": "random_noise", "relationship_source": "", "revenue_percent": "", "is_single_source": "False", "industry": "Stone, Clay, Glass, And Concrete Products", "top_segments": "[]"}
